MsOfDay, Time,Price,Size
34200003,9:30:0:3,48.09,100
34200003,9:30:0:3,48.04,400
34200003,9:30:0:3,48.04,400
34200003,9:30:0:3,48.09,100
34200003,9:30:0:3,48.04,400
34201005,9:30:1:5,47.98,17540
34201029,9:30:1:29,47.98,100
34201030,9:30:1:30,48,50
34201031,9:30:1:31,48.01,10
34202105,9:30:2:105,47.99,5
34202776,9:30:2:776,47.98,1
34208130,9:30:8:130,47.98,1
34208131,9:30:8:131,47.98,48
34214757,9:30:14:757,48.02,100
34214757,9:30:14:757,47.98,100
34214822,9:30:14:822,48.02,50
34229407,9:30:29:407,48.03,100
34229407,9:30:29:407,48.03,17
34229409,9:30:29:409,48.03,100
34229410,9:30:29:410,48.03,100
34229412,9:30:29:412,48.02,165
34229412,9:30:29:412,48.02,165
34229868,9:30:29:868,48.05,100
34230301,9:30:30:301,48.02,1
34231975,9:30:31:975,48.03,100
34254310,9:30:54:310,48.0621,50
34254375,9:30:54:375,48.04,100
34269845,9:31:9:845,48.04,1
34269979,9:31:9:979,48.04,22
34290066,9:31:30:66,48.04,20
34294339,9:31:34:339,48.04,100
34294339,9:31:34:339,48.04,100
34294345,9:31:34:345,48.04,100
34294592,9:31:34:592,48.04,100
34299687,9:31:39:687,47.99,500
34299817,9:31:39:817,47.99,500
34299937,9:31:39:937,47.99,500
34300109,9:31:40:109,48.095,51
34304251,9:31:44:251,47.99,20
34315112,9:31:55:112,47.99,20
34316804,9:31:56:804,47.99,20
34337647,9:32:17:647,48.09,5
34351233,9:32:31:233,48,100
34455774,9:34:15:774,48.03,6
34459087,9:34:19:87,48.0186,200
34472796,9:34:32:796,48.02,100
34495954,9:34:55:954,47.97,12
34500201,9:35:0:201,48.01,46
34507728,9:35:7:728,48.02,100
34507729,9:35:7:729,48,100
34507729,9:35:7:729,48.02,100
34507729,9:35:7:729,48.02,100
34507729,9:35:7:729,48.02,34
34507729,9:35:7:729,48.005,200
34507729,9:35:7:729,48.005,200
34507729,9:35:7:729,48.005,200
34507730,9:35:7:730,48.01,200
34507730,9:35:7:730,48.01,114
34508218,9:35:8:218,47.99,200
34508218,9:35:8:218,47.99,100
34508595,9:35:8:595,48,100
34512393,9:35:12:393,48.01,100
34512393,9:35:12:393,48.01,100
34512395,9:35:12:395,48,300
34512396,9:35:12:396,48,200
34512397,9:35:12:397,48,100
34512400,9:35:12:400,48,100
34512400,9:35:12:400,48,100
34512401,9:35:12:401,48,300
34512402,9:35:12:402,48,300
34512403,9:35:12:403,48,300
34512412,9:35:12:412,48,300
34512421,9:35:12:421,48,200
34512537,9:35:12:537,48,200
34512861,9:35:12:861,48,200
34512862,9:35:12:862,48,200
34512906,9:35:12:906,48,300
34514594,9:35:14:594,47.99,100
34514594,9:35:14:594,47.99,500
34514598,9:35:14:598,47.98,3
34514599,9:35:14:599,47.98,400
34534194,9:35:34:194,48.01,200
34534249,9:35:34:249,47.99,100
34539789,9:35:39:789,47.99,100
34540022,9:35:40:22,47.99,300
34543803,9:35:43:803,48.01,100
34543804,9:35:43:804,48.01,100
34543805,9:35:43:805,48,100
34543807,9:35:43:807,48.01,100
34543810,9:35:43:810,48.01,100
34543810,9:35:43:810,48.01,100
34543886,9:35:43:886,48,21
34576478,9:36:16:478,47.99,20
34581366,9:36:21:366,47.99,20
34599789,9:36:39:789,47.99,100
34599789,9:36:39:789,47.99,100
34600515,9:36:40:515,47.99,100
34600515,9:36:40:515,47.99,200
34600515,9:36:40:515,47.99,60
34600515,9:36:40:515,47.99,100
34600515,9:36:40:515,47.99,600
34600515,9:36:40:515,47.99,100
34600515,9:36:40:515,47.99,100
34600515,9:36:40:515,47.99,100
34600515,9:36:40:515,47.99,100
34600519,9:36:40:519,47.98,100
34600520,9:36:40:520,47.98,100
34600520,9:36:40:520,47.98,100
34601036,9:36:41:36,47.97,100
34601036,9:36:41:36,47.97,100
34601040,9:36:41:40,47.97,20
34614962,9:36:54:962,47.97,200
34614962,9:36:54:962,47.97,10
34614962,9:36:54:962,47.97,300
34614968,9:36:54:968,47.98,100
34659789,9:37:39:789,47.98,100
34659789,9:37:39:789,47.98,100
34659789,9:37:39:789,47.98,100
34659789,9:37:39:789,47.98,100
34659789,9:37:39:789,47.98,100
34659789,9:37:39:789,47.98,100
34659789,9:37:39:789,47.98,75
34659790,9:37:39:790,47.97,239
34659790,9:37:39:790,47.97,200
34659790,9:37:39:790,47.97,100
34659790,9:37:39:790,47.97,100
34659790,9:37:39:790,47.97,520
34659790,9:37:39:790,47.97,87
34659791,9:37:39:791,47.97,23
34659791,9:37:39:791,47.97,77
34659791,9:37:39:791,47.97,100
34659791,9:37:39:791,47.97,100
34659792,9:37:39:792,47.96,39
34659792,9:37:39:792,47.96,100
34659797,9:37:39:797,47.97,100
34659808,9:37:39:808,47.97,200
34659808,9:37:39:808,47.97,100
34667431,9:37:47:431,48,100
34667434,9:37:47:434,48,200
34667437,9:37:47:437,48,100
34667439,9:37:47:439,48,300
34667440,9:37:47:440,48,200
34667775,9:37:47:775,48,200
34687310,9:38:7:310,48,42
34687988,9:38:7:988,48,58
34688110,9:38:8:110,47.99,100
34688120,9:38:8:120,48,100
34688305,9:38:8:305,47.99,100
34688305,9:38:8:305,47.99,100
34688976,9:38:8:976,48,400
34690989,9:38:10:989,48,100
34692713,9:38:12:713,48,100
34693706,9:38:13:706,48.01,100
34693706,9:38:13:706,48.01,100
34693706,9:38:13:706,48.01,200
34693707,9:38:13:707,48,200
34694151,9:38:14:151,48.01,100
34694151,9:38:14:151,48.01,200
34694154,9:38:14:154,48.01,200
34698004,9:38:18:4,48.01,36
34698004,9:38:18:4,48.01,100
34698004,9:38:18:4,48.01,64
34698020,9:38:18:20,48.01,200
34698023,9:38:18:23,48.01,33
34698024,9:38:18:24,48.01,67
34698024,9:38:18:24,48.01,100
34698028,9:38:18:28,48.01,100
34699196,9:38:19:196,48.01,200
34699199,9:38:19:199,48.01,100
34699199,9:38:19:199,48.01,100
34711641,9:38:31:641,48.01,100
34711641,9:38:31:641,48.01,100
34719789,9:38:39:789,48.01,100
34719789,9:38:39:789,48.01,201
34719792,9:38:39:792,48.01,100
34719793,9:38:39:793,48.01,100
34724697,9:38:44:697,48.0036,14
34728916,9:38:48:916,48.02,100
34754074,9:39:14:74,48,100
34754078,9:39:14:78,48.005,100
34769947,9:39:29:947,48.01,100
34776804,9:39:36:804,48.01,100
34777025,9:39:37:25,48,100
34777029,9:39:37:29,48.01,100
34779789,9:39:39:789,48,100
34795709,9:39:55:709,48.01,100
34795709,9:39:55:709,48.01,100
34795713,9:39:55:713,48.005,100
34799643,9:39:59:643,48,11
34800037,9:40:0:37,48,34
34800037,9:40:0:37,48,277
34800037,9:40:0:37,48,61
34800037,9:40:0:37,48,189
34800037,9:40:0:37,48,100
34800037,9:40:0:37,48,225
34800037,9:40:0:37,48,100
34800038,9:40:0:38,47.99,200
34800062,9:40:0:62,48,300
34800156,9:40:0:156,48.005,100
34800763,9:40:0:763,47.98,48
34800763,9:40:0:763,47.98,52
34800763,9:40:0:763,47.98,100
34800763,9:40:0:763,47.98,48
34800763,9:40:0:763,47.98,100
34800764,9:40:0:764,47.98,25
34801498,9:40:1:498,47.98,100
34801502,9:40:1:502,47.98,97
34802709,9:40:2:709,47.99,778
34802711,9:40:2:711,47.99,1000
34802715,9:40:2:715,47.99,100
34802715,9:40:2:715,47.99,100
34802719,9:40:2:719,47.99,100
34802898,9:40:2:898,47.98,1
34802976,9:40:2:976,47.98,41
34806301,9:40:6:301,47.98,100
34806301,9:40:6:301,47.98,24
34806301,9:40:6:301,47.98,400
34806307,9:40:6:307,47.99,100
34807118,9:40:7:118,47.99,100
34812481,9:40:12:481,47.99,20
34816550,9:40:16:550,48,200
34826002,9:40:26:2,47.99,100
34826002,9:40:26:2,47.99,100
34826002,9:40:26:2,47.99,100
34826002,9:40:26:2,47.99,80
34826002,9:40:26:2,47.99,20
34826003,9:40:26:3,47.99,100
34826003,9:40:26:3,47.99,80
34826004,9:40:26:4,47.98,100
34826011,9:40:26:11,47.98,1
34826190,9:40:26:190,47.98,100
34826190,9:40:26:190,47.98,200
34839789,9:40:39:789,47.98,100
34844541,9:40:44:541,47.98,100
34844541,9:40:44:541,47.98,100
34844834,9:40:44:834,47.9803,100
34870738,9:41:10:738,47.97,100
34870738,9:41:10:738,47.97,100
34872357,9:41:12:357,47.97,100
34872357,9:41:12:357,47.97,100
34872357,9:41:12:357,47.97,22
34872357,9:41:12:357,47.97,100
34872358,9:41:12:358,47.97,78
34872545,9:41:12:545,47.95,70
34872545,9:41:12:545,47.95,100
34875383,9:41:15:383,47.95,10
34912392,9:41:52:392,47.96,100
34921108,9:42:1:108,47.95,230
34921109,9:42:1:109,47.94,100
34921110,9:42:1:110,47.95,100
34921110,9:42:1:110,47.92,100
34921130,9:42:1:130,47.91,25
34926911,9:42:6:911,47.92,100
34928954,9:42:8:954,47.92,100
34928954,9:42:8:954,47.92,3
34935628,9:42:15:628,47.92,20
34935632,9:42:15:632,47.92,100
34979019,9:42:59:19,47.92,80
34979463,9:42:59:463,47.93,100
34979522,9:42:59:522,47.91,14
34979575,9:42:59:575,47.91,15
34979959,9:42:59:959,47.89,56
34979990,9:42:59:990,47.89,14
34980007,9:43:0:7,47.89,2
34990032,9:43:10:32,47.9,100
34990037,9:43:10:37,47.9,68
34999880,9:43:19:880,47.93,100
34999880,9:43:19:880,47.93,100
34999880,9:43:19:880,47.93,300
34999880,9:43:19:880,47.93,100
34999880,9:43:19:880,47.93,100
34999880,9:43:19:880,47.93,100
34999880,9:43:19:880,47.93,100
35000259,9:43:20:259,47.935,100
35023577,9:43:43:577,47.93,500
35023577,9:43:43:577,47.94,100
35023578,9:43:43:578,47.93,100
35023578,9:43:43:578,47.93,200
35023579,9:43:43:579,47.93,100
35024266,9:43:44:266,47.93,100
35032531,9:43:52:531,47.94,400
35032531,9:43:52:531,47.94,100
35032531,9:43:52:531,47.94,100
35032531,9:43:52:531,47.94,100
35032531,9:43:52:531,47.94,100
35032531,9:43:52:531,47.94,100
35032531,9:43:52:531,47.93,100
35032531,9:43:52:531,47.93,200
35032531,9:43:52:531,47.93,100
35032532,9:43:52:532,47.93,100
35032536,9:43:52:536,47.93,100
35032538,9:43:52:538,47.93,100
35032640,9:43:52:640,47.93,100
35033089,9:43:53:89,47.925,100
35033091,9:43:53:91,47.925,100
35038795,9:43:58:795,47.93,400
35038795,9:43:58:795,47.93,100
35078179,9:44:38:179,47.92,100
35078179,9:44:38:179,47.92,100
35078179,9:44:38:179,47.92,100
35078179,9:44:38:179,47.92,100
35078179,9:44:38:179,47.92,100
35078179,9:44:38:179,47.92,100
35078179,9:44:38:179,47.92,27
35078179,9:44:38:179,47.92,100
35078179,9:44:38:179,47.92,66
35078179,9:44:38:179,47.92,34
35078179,9:44:38:179,47.92,100
35078179,9:44:38:179,47.92,66
35078179,9:44:38:179,47.92,34
35078186,9:44:38:186,47.91,100
35078187,9:44:38:187,47.91,100
35078189,9:44:38:189,47.9,100
35078198,9:44:38:198,47.9,100
35078198,9:44:38:198,47.9,367
35078198,9:44:38:198,47.9,200
35078198,9:44:38:198,47.9,33
35078198,9:44:38:198,47.9,67
35078199,9:44:38:199,47.9,33
35078199,9:44:38:199,47.9,67
35078199,9:44:38:199,47.9,33
35078199,9:44:38:199,47.9,100
35078199,9:44:38:199,47.9,33
35078199,9:44:38:199,47.9,100
35078199,9:44:38:199,47.89,100
35078203,9:44:38:203,47.91,100
35078204,9:44:38:204,47.9,400
35078206,9:44:38:206,47.91,200
35078206,9:44:38:206,47.91,100
35078206,9:44:38:206,47.91,100
35078206,9:44:38:206,47.91,100
35078206,9:44:38:206,47.91,100
35078207,9:44:38:207,47.91,100
35078207,9:44:38:207,47.91,100
35078207,9:44:38:207,47.91,100
35078207,9:44:38:207,47.91,100
35078207,9:44:38:207,47.91,100
35078592,9:44:38:592,47.91,100
35078593,9:44:38:593,47.91,200
35100062,9:45:0:62,47.91,10
35100064,9:45:0:64,47.91,200
35100469,9:45:0:469,47.91,100
35104003,9:45:4:3,47.905,100
35128213,9:45:28:213,47.91,200
35128213,9:45:28:213,47.91,80
35128213,9:45:28:213,47.91,100
35128213,9:45:28:213,47.91,100
35128213,9:45:28:213,47.91,100
35128214,9:45:28:214,47.91,100
35128214,9:45:28:214,47.91,100
35128214,9:45:28:214,47.91,100
35128214,9:45:28:214,47.91,100
35128214,9:45:28:214,47.91,100
35128214,9:45:28:214,47.91,100
35128214,9:45:28:214,47.91,400
35128214,9:45:28:214,47.91,100
35128214,9:45:28:214,47.91,100
35128214,9:45:28:214,47.91,80
35128214,9:45:28:214,47.905,100
35128214,9:45:28:214,47.905,100
35128214,9:45:28:214,47.905,100
35128214,9:45:28:214,47.905,100
35128214,9:45:28:214,47.905,100
35128214,9:45:28:214,47.905,100
35128218,9:45:28:218,47.905,100
35128218,9:45:28:218,47.905,100
35128218,9:45:28:218,47.905,100
35128218,9:45:28:218,47.905,100
35128219,9:45:28:219,47.905,100
35128226,9:45:28:226,47.91,100
35128227,9:45:28:227,47.91,100
35128227,9:45:28:227,47.91,100
35128227,9:45:28:227,47.91,100
35128227,9:45:28:227,47.91,100
35128228,9:45:28:228,47.91,66
35128230,9:45:28:230,47.91,34
35128230,9:45:28:230,47.91,100
35128230,9:45:28:230,47.91,166
35128231,9:45:28:231,47.91,100
35128235,9:45:28:235,47.91,100
35128294,9:45:28:294,47.905,100
35128304,9:45:28:304,47.905,100
35128325,9:45:28:325,47.91,100
35128775,9:45:28:775,47.915,100
35128946,9:45:28:946,47.915,100
35128948,9:45:28:948,47.915,200
35128952,9:45:28:952,47.915,200
35129101,9:45:29:101,47.91,100
35129113,9:45:29:113,47.91,100
35129135,9:45:29:135,47.92,100
35129137,9:45:29:137,47.915,100
35129831,9:45:29:831,47.915,100
35133247,9:45:33:247,47.92,100
35133247,9:45:33:247,47.915,100
35133248,9:45:33:248,47.92,100
35134604,9:45:34:604,47.92,200
35134605,9:45:34:605,47.915,100
35134605,9:45:34:605,47.915,100
35134605,9:45:34:605,47.915,100
35134697,9:45:34:697,47.92,100
35134717,9:45:34:717,47.925,100
35134838,9:45:34:838,47.92,100
35135022,9:45:35:22,47.915,100
35136590,9:45:36:590,47.92,100
35136590,9:45:36:590,47.92,100
35136591,9:45:36:591,47.915,100
35136591,9:45:36:591,47.915,100
35136591,9:45:36:591,47.915,100
35136593,9:45:36:593,47.915,100
35136593,9:45:36:593,47.915,100
35136739,9:45:36:739,47.915,100
35137630,9:45:37:630,47.91,22
35137650,9:45:37:650,47.91,100
35137650,9:45:37:650,47.91,200
35137650,9:45:37:650,47.91,100
35137650,9:45:37:650,47.91,100
35137650,9:45:37:650,47.91,100
35137650,9:45:37:650,47.91,100
35137650,9:45:37:650,47.91,78
35137650,9:45:37:650,47.91,50
35137650,9:45:37:650,47.91,100
35137650,9:45:37:650,47.91,100
35137651,9:45:37:651,47.91,100
35137651,9:45:37:651,47.9,200
35137651,9:45:37:651,47.9,100
35137651,9:45:37:651,47.9,100
35137651,9:45:37:651,47.9,100
35137651,9:45:37:651,47.9,100
35137651,9:45:37:651,47.9,100
35137652,9:45:37:652,47.9,100
35137652,9:45:37:652,47.91,100
35137656,9:45:37:656,47.91,100
35137663,9:45:37:663,47.9,100
35143680,9:45:43:680,47.9,100
35144060,9:45:44:60,47.9,200
35144060,9:45:44:60,47.9,100
35144060,9:45:44:60,47.9,195
35144061,9:45:44:61,47.9,100
35164287,9:46:4:287,47.9,36
35164294,9:46:4:294,47.9,38
35164354,9:46:4:354,47.9,37
35198117,9:46:38:117,47.9098,300
35198726,9:46:38:726,47.91,230
35207036,9:46:47:36,47.9,100
35238327,9:47:18:327,47.9,50
35238327,9:47:18:327,47.9,100
35238327,9:47:18:327,47.9,200
35238327,9:47:18:327,47.9,50
35238327,9:47:18:327,47.9,63
35238327,9:47:18:327,47.9,100
35238327,9:47:18:327,47.9,5
35238328,9:47:18:328,47.89,10
35238328,9:47:18:328,47.89,63
35238328,9:47:18:328,47.89,27
35238333,9:47:18:333,47.9,100
35238344,9:47:18:344,47.89,3
35260068,9:47:40:68,47.8808,108
35261217,9:47:41:217,47.89,100
35264578,9:47:44:578,47.89,300
35272333,9:47:52:333,47.88,100
35272352,9:47:52:352,47.88,100
35272352,9:47:52:352,47.88,100
35272352,9:47:52:352,47.88,100
35272353,9:47:52:353,47.88,59
35272359,9:47:52:359,47.88,5
35279158,9:47:59:158,47.87,100
35279158,9:47:59:158,47.87,133
35279158,9:47:59:158,47.87,67
35279159,9:47:59:159,47.87,100
35279159,9:47:59:159,47.87,100
35279160,9:47:59:160,47.86,100
35279160,9:47:59:160,47.86,100
35279160,9:47:59:160,47.86,10
35279160,9:47:59:160,47.86,20
35279164,9:47:59:164,47.855,100
35279165,9:47:59:165,47.85,100
35279170,9:47:59:170,47.85,100
35279171,9:47:59:171,47.85,200
35279172,9:47:59:172,47.85,100
35279173,9:47:59:173,47.85,100
35279173,9:47:59:173,47.85,100
35279173,9:47:59:173,47.85,200
35279173,9:47:59:173,47.85,100
35279178,9:47:59:178,47.85,100
35279181,9:47:59:181,47.8501,100
35279181,9:47:59:181,47.85,50
35296529,9:48:16:529,47.86,100
35318301,9:48:38:301,47.85,100
35335502,9:48:55:502,47.86,100
35335502,9:48:55:502,47.86,100
35335502,9:48:55:502,47.86,100
35335502,9:48:55:502,47.86,100
35335641,9:48:55:641,47.855,100
35336030,9:48:56:30,47.86,200
35341634,9:49:1:634,47.86,100
35341635,9:49:1:635,47.86,100
35341635,9:49:1:635,47.86,100
35341635,9:49:1:635,47.86,100
35341635,9:49:1:635,47.86,100
35341677,9:49:1:677,47.86,100
35350849,9:49:10:849,47.857,30
35351813,9:49:11:813,47.86,100
35356293,9:49:16:293,47.85,100
35356293,9:49:16:293,47.85,100
35356293,9:49:16:293,47.85,100
35356298,9:49:16:298,47.84,197
35356302,9:49:16:302,47.83,20
35360017,9:49:20:17,47.84,100
35363320,9:49:23:320,47.83,100
35363320,9:49:23:320,47.83,100
35367962,9:49:27:962,47.83,100
35367962,9:49:27:962,47.83,200
35367963,9:49:27:963,47.83,100
35367963,9:49:27:963,47.83,59
35368351,9:49:28:351,47.82,100
35370659,9:49:30:659,47.82,116
35372728,9:49:32:728,47.82,200
35372728,9:49:32:728,47.82,82
35373812,9:49:33:812,47.8,100
35373814,9:49:33:814,47.81,1
35376055,9:49:36:55,47.81,100
35376055,9:49:36:55,47.8,28
35377065,9:49:37:65,47.8,131
35377066,9:49:37:66,47.8,13
35377996,9:49:37:996,47.77,100
35378046,9:49:38:46,47.77,12
35378078,9:49:38:78,47.75,40
35378483,9:49:38:483,47.75,10
35378483,9:49:38:483,47.77,88
35378607,9:49:38:607,47.79,30
35378628,9:49:38:628,47.76,100
35378670,9:49:38:670,47.77,5
35378844,9:49:38:844,47.77,56
35378844,9:49:38:844,47.8,44
35381846,9:49:41:846,47.79,42
35382452,9:49:42:452,47.79,58
35383012,9:49:43:12,47.8,100
35383012,9:49:43:12,47.8,100
35383012,9:49:43:12,47.8,1
35383012,9:49:43:12,47.8,199
35383013,9:49:43:13,47.8,108
35383013,9:49:43:13,47.8,201
35383013,9:49:43:13,47.8,100
35383013,9:49:43:13,47.8,100
35383013,9:49:43:13,47.8,16
35383022,9:49:43:22,47.81,100
35383492,9:49:43:492,47.81,10
35384572,9:49:44:572,47.81,100
35384572,9:49:44:572,47.81,100
35386392,9:49:46:392,47.81,100
35387473,9:49:47:473,47.82,100
35389602,9:49:49:602,47.83,100
35391420,9:49:51:420,47.85,100
35397736,9:49:57:736,47.85,100
35397791,9:49:57:791,47.86,100
35397792,9:49:57:792,47.86,100
35397792,9:49:57:792,47.86,100
35398342,9:49:58:342,47.87,100
35405621,9:50:5:621,47.86,30
35406437,9:50:6:437,47.87,100
35412739,9:50:12:739,47.86,100
35416514,9:50:16:514,47.87,100
35416514,9:50:16:514,47.87,100
35416514,9:50:16:514,47.87,77
35416514,9:50:16:514,47.86,100
35416517,9:50:16:517,47.86,100
35417640,9:50:17:640,47.86,300
35418549,9:50:18:549,47.86,100
35419121,9:50:19:121,47.86,100
35427332,9:50:27:332,47.86,100
35435175,9:50:35:175,47.85,67
35435175,9:50:35:175,47.85,100
35435175,9:50:35:175,47.85,33
35435175,9:50:35:175,47.85,100
35435175,9:50:35:175,47.85,100
35442642,9:50:42:642,47.84,100
35442642,9:50:42:642,47.84,100
35442642,9:50:42:642,47.84,113
35442642,9:50:42:642,47.84,100
35442642,9:50:42:642,47.84,100
35442644,9:50:42:644,47.845,100
35442648,9:50:42:648,47.84,100
35483000,9:51:23:0,47.824,1
35494004,9:51:34:4,47.84,13
35549437,9:52:29:437,47.82,100
35579021,9:52:59:21,47.84,100
35595139,9:53:15:139,47.82,39
35595140,9:53:15:140,47.82,10
35595176,9:53:15:176,47.82,1
35595176,9:53:15:176,47.82,161
35595177,9:53:15:177,47.82,100
35595177,9:53:15:177,47.82,3
35595177,9:53:15:177,47.82,100
35595193,9:53:15:193,47.8183,90
35599073,9:53:19:73,47.81,100
35599686,9:53:19:686,47.81,100
35599686,9:53:19:686,47.81,100
35599686,9:53:19:686,47.81,100
35599686,9:53:19:686,47.81,100
35599687,9:53:19:687,47.81,59
35604187,9:53:24:187,47.8,100
35604187,9:53:24:187,47.8,100
35605487,9:53:25:487,47.79,100
35605487,9:53:25:487,47.79,1
35605487,9:53:25:487,47.79,99
35605490,9:53:25:490,47.7901,1
35605490,9:53:25:490,47.795,99
35605491,9:53:25:491,47.795,100
35608199,9:53:28:199,47.79,100
35614698,9:53:34:698,47.79,100
35615380,9:53:35:380,47.79,100
35616363,9:53:36:363,47.79,100
35616363,9:53:36:363,47.79,100
35616363,9:53:36:363,47.79,100
35616426,9:53:36:426,47.8,100
35618763,9:53:38:763,47.8,300
35618763,9:53:38:763,47.8,156
35618763,9:53:38:763,47.8,100
35618763,9:53:38:763,47.8,100
35643702,9:54:3:702,47.8178,100
35649401,9:54:9:401,47.82,1
35663007,9:54:23:7,47.82,200
35694636,9:54:54:636,47.82,424
35694662,9:54:54:662,47.83,100
35694662,9:54:54:662,47.82,38
35694663,9:54:54:663,47.83,100
35694663,9:54:54:663,47.83,100
35694663,9:54:54:663,47.82,100
35694663,9:54:54:663,47.82,100
35694664,9:54:54:664,47.82,100
35694664,9:54:54:664,47.82,100
35694665,9:54:54:665,47.82,100
35694667,9:54:54:667,47.82,100
35695065,9:54:55:65,47.82,100
35698943,9:54:58:943,47.82,100
35698943,9:54:58:943,47.82,300
35698943,9:54:58:943,47.82,100
35698944,9:54:58:944,47.82,100
35698944,9:54:58:944,47.82,100
35698944,9:54:58:944,47.82,200
35706272,9:55:6:272,47.815,100
35706275,9:55:6:275,47.81,134
35706275,9:55:6:275,47.81,66
35706275,9:55:6:275,47.81,100
35706275,9:55:6:275,47.81,100
35706275,9:55:6:275,47.81,91
35706275,9:55:6:275,47.81,34
35706275,9:55:6:275,47.81,100
35706275,9:55:6:275,47.81,100
35706292,9:55:6:292,47.81,100
35706292,9:55:6:292,47.81,100
35706292,9:55:6:292,47.81,2
35706292,9:55:6:292,47.81,100
35706293,9:55:6:293,47.81,200
35706295,9:55:6:295,47.81,100
35719945,9:55:19:945,47.82,100
35739269,9:55:39:269,47.815,100
35740809,9:55:40:809,47.8,8
35762990,9:56:2:990,47.82,100
35762990,9:56:2:990,47.82,100
35762990,9:56:2:990,47.82,100
35762990,9:56:2:990,47.82,100
35762990,9:56:2:990,47.82,100
35762991,9:56:2:991,47.82,100
35762991,9:56:2:991,47.82,100
35762991,9:56:2:991,47.82,100
35762991,9:56:2:991,47.82,200
35762991,9:56:2:991,47.82,100
35762992,9:56:2:992,47.82,100
35763005,9:56:3:5,47.815,273
35763016,9:56:3:16,47.82,100
35763028,9:56:3:28,47.815,100
35763143,9:56:3:143,47.81,100
35763154,9:56:3:154,47.81,100
35763163,9:56:3:163,47.81,100
35763166,9:56:3:166,47.81,100
35763166,9:56:3:166,47.81,100
35763168,9:56:3:168,47.81,100
35763171,9:56:3:171,47.81,100
35764055,9:56:4:55,47.8,100
35764056,9:56:4:56,47.8,20
35769079,9:56:9:79,47.81,100
35769079,9:56:9:79,47.81,100
35769083,9:56:9:83,47.81,100
35780286,9:56:20:286,47.82,200
35780286,9:56:20:286,47.82,100
35780317,9:56:20:317,47.82,10
35780431,9:56:20:431,47.83,100
35780962,9:56:20:962,47.84,100
35780963,9:56:20:963,47.84,36
35780963,9:56:20:963,47.84,64
35794367,9:56:34:367,47.86,100
35794368,9:56:34:368,47.86,50
35794369,9:56:34:369,47.86,100
35794369,9:56:34:369,47.86,50
35795836,9:56:35:836,47.86,200
35800396,9:56:40:396,47.8501,100
35800405,9:56:40:405,47.86,100
35809928,9:56:49:928,47.86,69
35809930,9:56:49:930,47.87,100
35809930,9:56:49:930,47.86,31
35809933,9:56:49:933,47.86,100
35825974,9:57:5:974,47.85,200
35857169,9:57:37:169,47.87,100
35857169,9:57:37:169,47.87,100
35857169,9:57:37:169,47.87,50
35857176,9:57:37:176,47.87,100
35857744,9:57:37:744,47.87,100
35858227,9:57:38:227,47.87,100
35858227,9:57:38:227,47.87,31
35858227,9:57:38:227,47.87,100
35858227,9:57:38:227,47.87,100
35874885,9:57:54:885,47.8943,100
35894593,9:58:14:593,47.9,100
35894593,9:58:14:593,47.9,2
35903663,9:58:23:663,47.8227,100
35916528,9:58:36:528,47.9,98
35917302,9:58:37:302,47.9,216
35917302,9:58:37:302,47.9,100
35917302,9:58:37:302,47.9,100
35917302,9:58:37:302,47.9,84
35917302,9:58:37:302,47.9,16
35917304,9:58:37:304,47.9,100
35917304,9:58:37:304,47.9,2
35917304,9:58:37:304,47.9,100
35917304,9:58:37:304,47.9,198
35917304,9:58:37:304,47.9,18
35917305,9:58:37:305,47.9,100
35917641,9:58:37:641,47.9,100
35917643,9:58:37:643,47.9,100
35917644,9:58:37:644,47.9,100
35917646,9:58:37:646,47.9,200
35922613,9:58:42:613,47.9,100
35926204,9:58:46:204,47.9,100
35936843,9:58:56:843,47.89,100
35936843,9:58:56:843,47.89,100
35936844,9:58:56:844,47.89,100
35976696,9:59:36:696,47.88,1
35976697,9:59:36:697,47.87,100
35976698,9:59:36:698,47.87,100
35976698,9:59:36:698,47.87,1
35976700,9:59:36:700,47.875,100
35978444,9:59:38:444,47.87,24
35994766,9:59:54:766,47.89,100
35994766,9:59:54:766,47.89,100
35994768,9:59:54:768,47.89,100
36010233,10:0:10:233,47.91,100
36010235,10:0:10:235,47.91,100
36049378,10:0:49:378,47.92,100
36064600,10:1:4:600,47.9,200
36064600,10:1:4:600,47.9,100
36064601,10:1:4:601,47.89,50
36064602,10:1:4:602,47.89,100
36064602,10:1:4:602,47.89,450
36064602,10:1:4:602,47.89,100
36064602,10:1:4:602,47.89,100
36064604,10:1:4:604,47.9,100
36064618,10:1:4:618,47.89,100
36064652,10:1:4:652,47.89,100
36064652,10:1:4:652,47.89,100
36076344,10:1:16:344,47.89,1
36081776,10:1:21:776,47.9,500
36081785,10:1:21:785,47.89,600
36081787,10:1:21:787,47.91,300
36081787,10:1:21:787,47.91,100
36081788,10:1:21:788,47.91,7
36105512,10:1:45:512,47.93,100
36105513,10:1:45:513,47.93,7
36105991,10:1:45:991,47.93,100
36120874,10:2:0:874,47.93,16
36127203,10:2:7:203,47.91,100
36146024,10:2:26:24,47.93,1
36146025,10:2:26:25,47.93,1
36148676,10:2:28:676,47.9,15
36153010,10:2:33:10,47.92,100
36191220,10:3:11:220,47.94,100
36216165,10:3:36:165,47.93,100
36216166,10:3:36:166,47.94,100
36216166,10:3:36:166,47.94,277
36216166,10:3:36:166,47.94,100
36216166,10:3:36:166,47.94,119
36216166,10:3:36:166,47.94,100
36216166,10:3:36:166,47.94,100
36216166,10:3:36:166,47.94,100
36216166,10:3:36:166,47.94,43
36216166,10:3:36:166,47.94,57
36216168,10:3:36:168,47.94,100
36216168,10:3:36:168,47.94,84
36216168,10:3:36:168,47.94,100
36216169,10:3:36:169,47.93,100
36216170,10:3:36:170,47.93,100
36216177,10:3:36:177,47.93,100
36216177,10:3:36:177,47.94,10
36216679,10:3:36:679,47.945,100
36216683,10:3:36:683,47.945,100
36224791,10:3:44:791,47.94,100
36224791,10:3:44:791,47.94,100
36224791,10:3:44:791,47.94,200
36224791,10:3:44:791,47.94,100
36224791,10:3:44:791,47.94,4
36224791,10:3:44:791,47.94,96
36224791,10:3:44:791,47.94,100
36224791,10:3:44:791,47.94,100
36224791,10:3:44:791,47.94,100
36224791,10:3:44:791,47.94,200
36224793,10:3:44:793,47.93,200
36224794,10:3:44:794,47.93,100
36224797,10:3:44:797,47.93,100
36224854,10:3:44:854,47.94,100
36239696,10:3:59:696,47.92,100
36241181,10:4:1:181,47.91,100
36250969,10:4:10:969,47.92,100
36297630,10:4:57:630,47.91,100
36297630,10:4:57:630,47.91,100
36297633,10:4:57:633,47.91,100
36297633,10:4:57:633,47.91,100
36297633,10:4:57:633,47.91,100
36297633,10:4:57:633,47.91,101
36297633,10:4:57:633,47.91,16
36297640,10:4:57:640,47.91,100
36297749,10:4:57:749,47.92,100
36297755,10:4:57:755,47.92,10
36297864,10:4:57:864,47.9399,99
36297898,10:4:57:898,47.94,11
36300029,10:5:0:29,47.9,10
36305246,10:5:5:246,47.9399,3
36340501,10:5:40:501,47.94,100
36340502,10:5:40:502,47.94,71
36340502,10:5:40:502,47.94,29
36379284,10:6:19:284,47.95,100
36379286,10:6:19:286,47.95,100
36379286,10:6:19:286,47.94,200
36379287,10:6:19:287,47.94,200
36379339,10:6:19:339,47.94,100
36379397,10:6:19:397,47.94,100
36395124,10:6:35:124,47.99,100
36406044,10:6:46:44,47.9405,108
36432357,10:7:12:357,47.95,100
36432358,10:7:12:358,47.95,100
36432362,10:7:12:362,47.97,100
36438807,10:7:18:807,47.9601,6
36446801,10:7:26:801,47.98,100
36446801,10:7:26:801,47.98,10
36446801,10:7:26:801,47.98,16
36464127,10:7:44:127,47.98,100
36490547,10:8:10:547,47.98,10
36490556,10:8:10:556,47.98,100
36496039,10:8:16:39,47.97,58
36496040,10:8:16:40,47.97,42
36496040,10:8:16:40,47.97,100
36496040,10:8:16:40,47.97,100
36496040,10:8:16:40,47.97,100
36496040,10:8:16:40,47.97,168
36496040,10:8:16:40,47.97,138
36496787,10:8:16:787,47.965,100
36497157,10:8:17:157,47.96,100
36497157,10:8:17:157,47.96,100
36497159,10:8:17:159,47.96,100
36497159,10:8:17:159,47.96,100
36497159,10:8:17:159,47.96,100
36497159,10:8:17:159,47.96,58
36497272,10:8:17:272,47.96,100
36502716,10:8:22:716,47.9608,100
36516594,10:8:36:594,47.97,100
36559522,10:9:19:522,47.98,70
36573118,10:9:33:118,47.928,100
36581312,10:9:41:312,47.97,100
36600702,10:10:0:702,47.97,21
36600702,10:10:0:702,47.97,79
36600702,10:10:0:702,47.97,21
36600702,10:10:0:702,47.97,100
36600702,10:10:0:702,47.97,100
36600702,10:10:0:702,47.97,100
36600702,10:10:0:702,47.97,100
36600702,10:10:0:702,47.97,79
36600702,10:10:0:702,47.97,100
36600702,10:10:0:702,47.97,100
36601122,10:10:1:122,47.96,100
36601122,10:10:1:122,47.96,500
36601122,10:10:1:122,47.96,100
36601122,10:10:1:122,47.96,1
36601134,10:10:1:134,47.95,100
36601134,10:10:1:134,47.95,100
36608256,10:10:8:256,47.97,2
36608268,10:10:8:268,47.9699,108
36609494,10:10:9:494,47.97,1
36609539,10:10:9:539,47.9699,109
36628044,10:10:28:44,47.97,3
36647953,10:10:47:953,47.965,100
36649429,10:10:49:429,47.96,3
36671134,10:11:11:134,47.96,100
36671136,10:11:11:136,47.96,100
36671141,10:11:11:141,47.96,100
36671141,10:11:11:141,47.96,100
36671141,10:11:11:141,47.96,100
36671143,10:11:11:143,47.96,100
36671143,10:11:11:143,47.96,100
36671143,10:11:11:143,47.96,300
36671143,10:11:11:143,47.96,100
36671143,10:11:11:143,47.96,100
36671143,10:11:11:143,47.96,100
36671143,10:11:11:143,47.96,100
36671143,10:11:11:143,47.96,100
36671143,10:11:11:143,47.96,100
36671143,10:11:11:143,47.96,6
36671144,10:11:11:144,47.96,10
36671144,10:11:11:144,47.96,6
36671666,10:11:11:666,47.96,100
36703902,10:11:43:902,47.97,100
36703902,10:11:43:902,47.97,100
36703902,10:11:43:902,47.97,100
36703902,10:11:43:902,47.97,100
36703902,10:11:43:902,47.97,100
36703902,10:11:43:902,47.97,29
36703902,10:11:43:902,47.97,100
36703902,10:11:43:902,47.97,100
36703902,10:11:43:902,47.97,100
36703902,10:11:43:902,47.97,100
36703903,10:11:43:903,47.975,400
36703903,10:11:43:903,47.98,100
36703903,10:11:43:903,47.97,100
36703905,10:11:43:905,47.97,100
36703905,10:11:43:905,47.98,100
36703905,10:11:43:905,47.98,100
36703906,10:11:43:906,47.965,100
36703906,10:11:43:906,47.98,100
36703908,10:11:43:908,47.97,100
36703914,10:11:43:914,47.98,100
36703936,10:11:43:936,47.975,100
36703940,10:11:43:940,47.975,100
36704608,10:11:44:608,47.975,100
36704610,10:11:44:610,47.975,100
36704625,10:11:44:625,47.98,100
36704641,10:11:44:641,47.975,100
36715219,10:11:55:219,47.98,100
36715221,10:11:55:221,47.975,100
36715249,10:11:55:249,47.98,6
36715322,10:11:55:322,47.975,100
36717768,10:11:57:768,47.98,100
36722213,10:12:2:213,47.975,100
36722260,10:12:2:260,47.975,100
36731699,10:12:11:699,47.98,64
36740403,10:12:20:403,47.975,100
36740412,10:12:20:412,47.98,100
36740467,10:12:20:467,47.975,100
36747255,10:12:27:255,47.97,100
36747255,10:12:27:255,47.97,68
36747255,10:12:27:255,47.97,132
36747255,10:12:27:255,47.97,100
36747259,10:12:27:259,47.97,200
36747259,10:12:27:259,47.97,100
36747259,10:12:27:259,47.97,100
36747260,10:12:27:260,47.97,100
36747260,10:12:27:260,47.97,100
36747699,10:12:27:699,47.96,200
36747700,10:12:27:700,47.96,99
36747700,10:12:27:700,47.96,1
36747700,10:12:27:700,47.96,600
36747700,10:12:27:700,47.96,1
36747700,10:12:27:700,47.96,100
36747700,10:12:27:700,47.96,100
36747701,10:12:27:701,47.96,201
36747701,10:12:27:701,47.96,100
36747714,10:12:27:714,47.96,100
36747714,10:12:27:714,47.96,100
36747727,10:12:27:727,47.96,100
36747727,10:12:27:727,47.96,100
36747727,10:12:27:727,47.96,30
36747731,10:12:27:731,47.96,49
36747748,10:12:27:748,47.96,10
36747748,10:12:27:748,47.96,10
36747748,10:12:27:748,47.96,100
36747748,10:12:27:748,47.96,80
36747769,10:12:27:769,47.97,100
36747808,10:12:27:808,47.96,100
36748155,10:12:28:155,47.97,100
36775179,10:12:55:179,47.965,100
36781162,10:13:1:162,47.97,100
36781162,10:13:1:162,47.97,13
36781166,10:13:1:166,47.965,100
36781167,10:13:1:167,47.965,100
36781168,10:13:1:168,47.97,100
36781255,10:13:1:255,47.97,100
36781788,10:13:1:788,47.97,100
36783005,10:13:3:5,47.97,100
36785477,10:13:5:477,47.98,58
36806527,10:13:26:527,47.98,100
36806527,10:13:26:527,47.98,30
36806527,10:13:26:527,47.98,42
36806527,10:13:26:527,47.98,42
36806530,10:13:26:530,47.98,100
36806531,10:13:26:531,47.98,100
36806533,10:13:26:533,47.98,100
36806534,10:13:26:534,47.98,58
36806672,10:13:26:672,47.985,100
36836450,10:13:56:450,47.99,100
36836450,10:13:56:450,47.99,100
36836451,10:13:56:451,47.99,8
36836451,10:13:56:451,47.99,100
36836451,10:13:56:451,47.99,4
36836451,10:13:56:451,47.99,96
36836453,10:13:56:453,47.99,100
36836460,10:13:56:460,48,100
36836565,10:13:56:565,47.98,100
36869601,10:14:29:601,48,151
36869601,10:14:29:601,48,49
36869602,10:14:29:602,48,51
36869602,10:14:29:602,48,100
36870286,10:14:30:286,47.99,100
36870286,10:14:30:286,47.99,200
36870289,10:14:30:289,47.99,100
36870289,10:14:30:289,47.99,100
36870289,10:14:30:289,47.99,100
36870289,10:14:30:289,47.99,100
36870289,10:14:30:289,47.99,200
36870289,10:14:30:289,47.99,9
36870289,10:14:30:289,47.99,9
36870289,10:14:30:289,47.99,100
36870289,10:14:30:289,47.99,100
36870304,10:14:30:304,47.99,100
36870304,10:14:30:304,47.99,100
36872762,10:14:32:762,47.99,111
36874817,10:14:34:817,47.98,100
36874823,10:14:34:823,48,100
36954098,10:15:54:98,47.99,13
36954159,10:15:54:159,47.99,100
36962460,10:16:2:460,48,2
36963827,10:16:3:827,47.99,50
36963827,10:16:3:827,47.99,50
36963827,10:16:3:827,47.99,100
36963827,10:16:3:827,47.99,100
36963827,10:16:3:827,47.99,50
36963827,10:16:3:827,47.99,50
36968146,10:16:8:146,47.98,9
36970361,10:16:10:361,47.98,100
36970363,10:16:10:363,47.98,1
36975786,10:16:15:786,47.97,100
36975786,10:16:15:786,47.97,100
36975786,10:16:15:786,47.97,73
36975786,10:16:15:786,47.97,27
36975787,10:16:15:787,47.97,73
36975787,10:16:15:787,47.97,27
36975787,10:16:15:787,47.97,100
36975787,10:16:15:787,47.97,73
36975787,10:16:15:787,47.97,27
36975805,10:16:15:805,47.96,100
36975805,10:16:15:805,47.96,100
36975805,10:16:15:805,47.96,9
36975805,10:16:15:805,47.96,100
36975805,10:16:15:805,47.96,100
36975865,10:16:15:865,47.95,100
36975865,10:16:15:865,47.95,100
36975865,10:16:15:865,47.95,100
36975865,10:16:15:865,47.95,100
36975867,10:16:15:867,47.95,60
36975867,10:16:15:867,47.95,100
36988093,10:16:28:93,47.95,100
36988093,10:16:28:93,47.95,200
36995072,10:16:35:72,47.94,100
36995072,10:16:35:72,47.94,100
36995072,10:16:35:72,47.94,100
36995072,10:16:35:72,47.94,100
36995072,10:16:35:72,47.94,16
36995075,10:16:35:75,47.945,100
37028102,10:17:8:102,47.94,1
37028120,10:17:8:120,47.94,1
37028120,10:17:8:120,47.94,199
37028120,10:17:8:120,47.94,29
37028120,10:17:8:120,47.94,87
37028120,10:17:8:120,47.94,13
37028120,10:17:8:120,47.94,5
37028121,10:17:8:121,47.95,100
37028121,10:17:8:121,47.95,100
37028121,10:17:8:121,47.95,54
37028121,10:17:8:121,47.95,100
37039001,10:17:19:1,47.96,100
37039001,10:17:19:1,47.96,72
37039001,10:17:19:1,47.96,28
37039001,10:17:19:1,47.96,100
37039001,10:17:19:1,47.96,1
37039001,10:17:19:1,47.96,99
37043346,10:17:23:346,47.98,100
37043597,10:17:23:597,47.98,100
37048686,10:17:28:686,47.98,1
37064697,10:17:44:697,47.97,100
37065781,10:17:45:781,47.99,200
37098792,10:18:18:792,48.05,360
37098983,10:18:18:983,48.05,200
37098990,10:18:18:990,48.05,200
37098990,10:18:18:990,48.05,100
37099013,10:18:19:13,48.05,300
37106069,10:18:26:69,48,200
37145910,10:19:5:910,48.0101,320
37163790,10:19:23:790,48.0299,1
37166357,10:19:26:357,48.02,16
37166358,10:19:26:358,48.02,183
37167078,10:19:27:78,48.01,100
37173149,10:19:33:149,47.9753,100
37180004,10:19:40:4,48.01,100
37180005,10:19:40:5,48.01,100
37180005,10:19:40:5,48.01,1
37180005,10:19:40:5,48.01,100
37180005,10:19:40:5,48.01,100
37180005,10:19:40:5,48.01,100
37180013,10:19:40:13,48.01,100
37180679,10:19:40:679,48,100
37180679,10:19:40:679,48.01,1
37180771,10:19:40:771,48,200
37180772,10:19:40:772,48,200
37180772,10:19:40:772,48,200
37180772,10:19:40:772,48,100
37180772,10:19:40:772,48,16
37180772,10:19:40:772,48,100
37180772,10:19:40:772,48,100
37181485,10:19:41:485,47.99,100
37181488,10:19:41:488,47.99,100
37182007,10:19:42:7,47.995,100
37182278,10:19:42:278,47.99,100
37193098,10:19:53:98,48,100
37212030,10:20:12:30,47.995,100
37212438,10:20:12:438,47.99,100
37212440,10:20:12:440,47.99,100
37212440,10:20:12:440,47.99,100
37212440,10:20:12:440,47.99,100
37212440,10:20:12:440,47.99,90
37212440,10:20:12:440,47.99,200
37212440,10:20:12:440,47.99,190
37212451,10:20:12:451,47.99,100
37212452,10:20:12:452,47.99,100
37212456,10:20:12:456,47.99,1
37212690,10:20:12:690,47.98,100
37212691,10:20:12:691,47.98,100
37212692,10:20:12:692,47.98,200
37212692,10:20:12:692,47.98,100
37212692,10:20:12:692,47.98,100
37212692,10:20:12:692,47.98,100
37212692,10:20:12:692,47.98,100
37212706,10:20:12:706,47.98,16
37212706,10:20:12:706,47.97,84
37212706,10:20:12:706,47.98,60
37212706,10:20:12:706,47.98,10
37212706,10:20:12:706,47.98,10
37212709,10:20:12:709,47.97,100
37213285,10:20:13:285,47.97,100
37213482,10:20:13:482,47.97,16
37213485,10:20:13:485,47.96,16
37213490,10:20:13:490,47.96,100
37213491,10:20:13:491,47.96,184
37214012,10:20:14:12,47.96,200
37214012,10:20:14:12,47.96,100
37214284,10:20:14:284,47.95,100
37216998,10:20:16:998,47.95,100
37216999,10:20:16:999,47.95,100
37216999,10:20:16:999,47.95,1
37217021,10:20:17:21,47.95,9
37219003,10:20:19:3,47.93,100
37219085,10:20:19:85,47.93,100
37219196,10:20:19:196,47.93,200
37239482,10:20:39:482,47.9822,100
37239500,10:20:39:500,47.93,1
37260173,10:21:0:173,47.93,8
37260173,10:21:0:173,47.92,12
37261016,10:21:1:16,47.92,100
37261029,10:21:1:29,47.95,100
37261029,10:21:1:29,47.95,100
37261029,10:21:1:29,47.95,100
37261486,10:21:1:486,47.93,100
37262620,10:21:2:620,47.93,80
37291932,10:21:31:932,47.93,100
37291932,10:21:31:932,47.93,100
37292685,10:21:32:685,47.93,100
37300004,10:21:40:4,47.93,101
37300009,10:21:40:9,47.92,99
37300009,10:21:40:9,47.92,200
37300010,10:21:40:10,47.92,1
37300686,10:21:40:686,47.91,100
37314264,10:21:54:264,47.92,100
37330005,10:22:10:5,47.93,14
37331541,10:22:11:541,47.93,60
37331542,10:22:11:542,47.93,100
37331890,10:22:11:890,47.91,100
37334603,10:22:14:603,47.92,1
37338255,10:22:18:255,47.91,11
37364411,10:22:44:411,47.92,100
37364411,10:22:44:411,47.92,200
37364411,10:22:44:411,47.92,200
37364687,10:22:44:687,47.91,100
37364690,10:22:44:690,47.91,100
37364690,10:22:44:690,47.91,26
37375361,10:22:55:361,47.91,100
37375372,10:22:55:372,47.92,100
37375910,10:22:55:910,47.9,100
37376397,10:22:56:397,47.915,100
37376399,10:22:56:399,47.92,170
37385553,10:23:5:553,47.92,100
37385553,10:23:5:553,47.92,100
37385553,10:23:5:553,47.92,130
37385554,10:23:5:554,47.92,100
37385554,10:23:5:554,47.92,100
37385554,10:23:5:554,47.92,100
37385554,10:23:5:554,47.92,100
37385554,10:23:5:554,47.92,24
37385554,10:23:5:554,47.92,100
37385559,10:23:5:559,47.92,200
37386160,10:23:6:160,47.94,200
37386290,10:23:6:290,47.92,100
37386294,10:23:6:294,47.92,100
37393828,10:23:13:828,47.94,1
37394057,10:23:14:57,47.94,100
37398879,10:23:18:879,47.92,1
37420005,10:23:40:5,47.92,343
37420005,10:23:40:5,47.92,100
37420005,10:23:40:5,47.92,106
37420005,10:23:40:5,47.92,57
37420005,10:23:40:5,47.92,100
37420005,10:23:40:5,47.92,36
37420005,10:23:40:5,47.92,100
37420011,10:23:40:11,47.91,94
37420698,10:23:40:698,47.91,100
37420698,10:23:40:698,47.91,100
37421491,10:23:41:491,47.91,100
37421494,10:23:41:494,47.91,100
37421504,10:23:41:504,47.92,100
37424433,10:23:44:433,47.9199,100
37424437,10:23:44:437,47.9198,400
37424437,10:23:44:437,47.92,50
37424477,10:23:44:477,47.917,100
37424697,10:23:44:697,47.91,100
37424698,10:23:44:698,47.91,100
37424699,10:23:44:699,47.91,100
37425043,10:23:45:43,47.92,100
37426457,10:23:46:457,47.9192,100
37428860,10:23:48:860,47.91,100
37440908,10:24:0:908,47.9101,50
37440909,10:24:0:909,47.915,100
37440911,10:24:0:911,47.91,200
37441498,10:24:1:498,47.91,100
37441499,10:24:1:499,47.91,100
37442967,10:24:2:967,47.91,100
37442968,10:24:2:968,47.91,16
37442968,10:24:2:968,47.91,10
37442968,10:24:2:968,47.91,274
37442970,10:24:2:970,47.91,300
37442970,10:24:2:970,47.91,100
37442970,10:24:2:970,47.91,50
37442975,10:24:2:975,47.91,100
37443093,10:24:3:93,47.9,100
37443098,10:24:3:98,47.9,100
37445548,10:24:5:548,47.9108,100
37446326,10:24:6:326,47.91,100
37447347,10:24:7:347,47.91,100
37461574,10:24:21:574,47.9,100
37461576,10:24:21:576,47.9,100
37461580,10:24:21:580,47.9011,300
37461580,10:24:21:580,47.9,100
37461599,10:24:21:599,47.9,100
37461602,10:24:21:602,47.9,100
37461602,10:24:21:602,47.9,100
37461602,10:24:21:602,47.9,184
37461602,10:24:21:602,47.9,100
37461602,10:24:21:602,47.9,10
37461602,10:24:21:602,47.9,16
37461602,10:24:21:602,47.9,21
37462297,10:24:22:297,47.89,100
37462297,10:24:22:297,47.89,200
37462305,10:24:22:305,47.9,100
37502090,10:25:2:90,47.89,100
37502090,10:25:2:90,47.89,100
37502091,10:25:2:91,47.89,100
37502113,10:25:2:113,47.89,100
37502113,10:25:2:113,47.89,3
37502113,10:25:2:113,47.89,100
37502303,10:25:2:303,47.88,100
37502304,10:25:2:304,47.88,100
37511836,10:25:11:836,47.88,38
37511836,10:25:11:836,47.88,100
37511836,10:25:11:836,47.88,100
37511838,10:25:11:838,47.88,100
37511838,10:25:11:838,47.88,100
37511838,10:25:11:838,47.88,1
37511838,10:25:11:838,47.88,59
37511877,10:25:11:877,47.89,100
37511877,10:25:11:877,47.88,200
37511877,10:25:11:877,47.88,100
37511878,10:25:11:878,47.89,100
37511902,10:25:11:902,47.87,100
37511902,10:25:11:902,47.87,100
37511904,10:25:11:904,47.87,100
37511920,10:25:11:920,47.89,100
37511923,10:25:11:923,47.89,100
37512065,10:25:12:65,47.88,100
37512403,10:25:12:403,47.88,100
37512406,10:25:12:406,47.88,100
37521620,10:25:21:620,47.87,100
37521621,10:25:21:621,47.87,100
37527034,10:25:27:34,47.875,100
37527109,10:25:27:109,47.87,100
37527110,10:25:27:110,47.87,100
37614587,10:26:54:587,47.88,200
37614587,10:26:54:587,47.875,200
37614588,10:26:54:588,47.88,100
37614588,10:26:54:588,47.88,100
37614588,10:26:54:588,47.88,173
37614588,10:26:54:588,47.88,100
37614588,10:26:54:588,47.88,27
37614588,10:26:54:588,47.88,100
37614588,10:26:54:588,47.88,100
37614588,10:26:54:588,47.875,100
37614588,10:26:54:588,47.88,100
37614588,10:26:54:588,47.88,100
37614588,10:26:54:588,47.88,59
37614588,10:26:54:588,47.88,41
37614588,10:26:54:588,47.88,100
37614589,10:26:54:589,47.88,100
37614589,10:26:54:589,47.88,100
37614708,10:26:54:708,47.875,100
37614710,10:26:54:710,47.875,100
37614712,10:26:54:712,47.88,100
37614712,10:26:54:712,47.88,100
37614712,10:26:54:712,47.88,42
37614712,10:26:54:712,47.88,100
37614712,10:26:54:712,47.88,100
37614713,10:26:54:713,47.88,100
37614716,10:26:54:716,47.875,100
37614724,10:26:54:724,47.87,90
37614851,10:26:54:851,47.87,200
37614853,10:26:54:853,47.87,300
37616955,10:26:56:955,47.87,100
37616955,10:26:56:955,47.87,100
37616955,10:26:56:955,47.87,100
37616955,10:26:56:955,47.87,100
37616955,10:26:56:955,47.87,200
37616955,10:26:56:955,47.87,100
37616955,10:26:56:955,47.87,515
37616955,10:26:56:955,47.87,100
37616955,10:26:56:955,47.87,100
37616955,10:26:56:955,47.87,16
37616955,10:26:56:955,47.87,100
37616956,10:26:56:956,47.875,100
37616956,10:26:56:956,47.87,100
37616960,10:26:56:960,47.865,100
37616963,10:26:56:963,47.87,100
37616971,10:26:56:971,47.87,100
37616972,10:26:56:972,47.87,100
37616972,10:26:56:972,47.87,100
37616972,10:26:56:972,47.87,100
37616972,10:26:56:972,47.87,100
37616972,10:26:56:972,47.87,100
37616972,10:26:56:972,47.87,100
37616972,10:26:56:972,47.87,100
37616972,10:26:56:972,47.87,100
37616972,10:26:56:972,47.87,100
37616972,10:26:56:972,47.87,200
37617378,10:26:57:378,47.86,300
37617379,10:26:57:379,47.86,400
37617477,10:26:57:477,47.86,100
37617478,10:26:57:478,47.86,100
37644826,10:27:24:826,47.86,100
37644827,10:27:24:827,47.86,100
37644827,10:27:24:827,47.86,100
37644827,10:27:24:827,47.86,100
37644827,10:27:24:827,47.86,100
37644827,10:27:24:827,47.86,100
37644828,10:27:24:828,47.86,200
37644832,10:27:24:832,47.87,100
37647965,10:27:27:965,47.87,100
37654189,10:27:34:189,47.865,100
37661117,10:27:41:117,47.86,100
37661710,10:27:41:710,47.87,100
37661718,10:27:41:718,47.87,200
37672150,10:27:52:150,47.865,200
37679441,10:27:59:441,47.86,100
37679441,10:27:59:441,47.86,100
37679441,10:27:59:441,47.86,493
37684920,10:28:4:920,47.865,100
37685047,10:28:5:47,47.87,1
37686732,10:28:6:732,47.87,100
37686732,10:28:6:732,47.87,300
37686732,10:28:6:732,47.87,100
37686732,10:28:6:732,47.87,100
37686732,10:28:6:732,47.87,99
37686732,10:28:6:732,47.87,100
37686735,10:28:6:735,47.87,100
37690832,10:28:10:832,47.88,100
37690885,10:28:10:885,47.88,100
37712812,10:28:32:812,47.88,300
37712813,10:28:32:813,47.88,100
37712813,10:28:32:813,47.88,100
37712914,10:28:32:914,47.88,10
37712919,10:28:32:919,47.88,100
37713872,10:28:33:872,47.89,50
37713876,10:28:33:876,47.8898,400
37715093,10:28:35:93,47.87,45
37726803,10:28:46:803,47.88,100
37731914,10:28:51:914,47.885,1
37731927,10:28:51:927,47.89,200
37731927,10:28:51:927,47.89,200
37731927,10:28:51:927,47.89,150
37731928,10:28:51:928,47.89,100
37731928,10:28:51:928,47.89,100
37731928,10:28:51:928,47.89,100
37731942,10:28:51:942,47.8999,100
37731954,10:28:51:954,47.89,100
37731954,10:28:51:954,47.9,34
37737073,10:28:57:73,47.9,100
37737073,10:28:57:73,47.9,100
37738993,10:28:58:993,47.9,100
37739349,10:28:59:349,47.9,100
37739349,10:28:59:349,47.9,100
37742793,10:29:2:793,47.91,100
37742793,10:29:2:793,47.91,200
37742793,10:29:2:793,47.91,100
37742793,10:29:2:793,47.91,100
37742800,10:29:2:800,47.915,400
37762199,10:29:22:199,47.9111,400
37762199,10:29:22:199,47.91,150
37762214,10:29:22:214,47.913,100
37763217,10:29:23:217,47.9108,100
37764200,10:29:24:200,47.91,100
37771061,10:29:31:61,47.915,100
37779126,10:29:39:126,47.9189,500
37787866,10:29:47:866,47.92,1
37810810,10:30:10:810,47.92,100
37810813,10:30:10:813,47.93,100
37819004,10:30:19:4,47.92,1
37819004,10:30:19:4,47.91,99
37819005,10:30:19:5,47.91,100
37819005,10:30:19:5,47.91,7
37819005,10:30:19:5,47.91,199
37819005,10:30:19:5,47.91,100
37819005,10:30:19:5,47.91,1
37819005,10:30:19:5,47.91,160
37819005,10:30:19:5,47.91,100
37819005,10:30:19:5,47.91,100
37819006,10:30:19:6,47.9,100
37819007,10:30:19:7,47.91,100
37851724,10:30:51:724,47.9,100
37851724,10:30:51:724,47.9,65
37851724,10:30:51:724,47.9,100
37851724,10:30:51:724,47.9,100
37851725,10:30:51:725,47.9,116
37851725,10:30:51:725,47.9,123
37851725,10:30:51:725,47.9,100
37851725,10:30:51:725,47.9,16
37851725,10:30:51:725,47.9,166
37851726,10:30:51:726,47.89,54
37851726,10:30:51:726,47.89,100
37851727,10:30:51:727,47.89,7
37882523,10:31:22:523,47.8999,112
37897386,10:31:37:386,47.89,100
37897407,10:31:37:407,47.9,100
37899533,10:31:39:533,47.89,100
37899534,10:31:39:534,47.89,100
37900396,10:31:40:396,47.89,12
37918284,10:31:58:284,47.89,100
37918284,10:31:58:284,47.89,100
37918285,10:31:58:285,47.89,200
37918285,10:31:58:285,47.89,100
37918285,10:31:58:285,47.89,100
37918285,10:31:58:285,47.89,44
37918285,10:31:58:285,47.89,256
37918285,10:31:58:285,47.89,100
37918286,10:31:58:286,47.88,100
37918317,10:31:58:317,47.89,100
37918356,10:31:58:356,47.89,100
37918999,10:31:58:999,47.89,1
37918999,10:31:58:999,47.88,44
37919020,10:31:59:20,47.88,100
37919020,10:31:59:20,47.88,100
37919021,10:31:59:21,47.88,10
37919021,10:31:59:21,47.88,100
37919021,10:31:59:21,47.88,16
37924101,10:32:4:101,47.88,4
37924102,10:32:4:102,47.88,2
37924809,10:32:4:809,47.88,98
37924809,10:32:4:809,47.88,100
37924810,10:32:4:810,47.875,248
37926506,10:32:6:506,47.87,100
37929518,10:32:9:518,47.88,100
37930618,10:32:10:618,47.88,100
37942312,10:32:22:312,47.88,100
37963053,10:32:43:53,47.88,1
37963321,10:32:43:321,47.87,100
37963884,10:32:43:884,47.87,100
37963889,10:32:43:889,47.87,300
37963890,10:32:43:890,47.87,300
37963892,10:32:43:892,47.87,100
37963892,10:32:43:892,47.87,100
37963900,10:32:43:900,47.87,100
38001015,10:33:21:15,47.86,100
38001015,10:33:21:15,47.86,100
38004333,10:33:24:333,47.87,26
38005284,10:33:25:284,47.8699,140
38011528,10:33:31:528,47.86,100
38030325,10:33:50:325,47.86,90
38030326,10:33:50:326,47.86,10
38033109,10:33:53:109,47.865,100
38073962,10:34:33:962,47.86,100
38083174,10:34:43:174,47.86,14
38083174,10:34:43:174,47.86,100
38083174,10:34:43:174,47.86,186
38083175,10:34:43:175,47.86,100
38083175,10:34:43:175,47.86,8
38083175,10:34:43:175,47.86,100
38083175,10:34:43:175,47.86,100
38083178,10:34:43:178,47.86,100
38083178,10:34:43:178,47.86,100
38083178,10:34:43:178,47.86,100
38083178,10:34:43:178,47.86,100
38083178,10:34:43:178,47.86,100
38083180,10:34:43:180,47.86,23
38083501,10:34:43:501,47.86,100
38083834,10:34:43:834,47.86,71
38083928,10:34:43:928,47.86,140
38083932,10:34:43:932,47.86,200
38108810,10:35:8:810,47.85,100
38108810,10:35:8:810,47.85,100
38108810,10:35:8:810,47.85,16
38108811,10:35:8:811,47.85,29
38108827,10:35:8:827,47.85,300
38108830,10:35:8:830,47.85,300
38108832,10:35:8:832,47.85,300
38108937,10:35:8:937,47.85,300
38108940,10:35:8:940,47.85,300
38108944,10:35:8:944,47.85,300
38108947,10:35:8:947,47.85,300
38108948,10:35:8:948,47.85,300
38108949,10:35:8:949,47.85,300
38108950,10:35:8:950,47.86,100
38109017,10:35:9:17,47.85,400
38109039,10:35:9:39,47.85,1100
38109178,10:35:9:178,47.84,100
38109179,10:35:9:179,47.84,100
38109180,10:35:9:180,47.84,100
38109180,10:35:9:180,47.84,100
38109181,10:35:9:181,47.84,100
38109181,10:35:9:181,47.84,100
38109181,10:35:9:181,47.84,100
38109182,10:35:9:182,47.83,200
38109183,10:35:9:183,47.84,700
38109184,10:35:9:184,47.84,100
38109184,10:35:9:184,47.83,100
38109184,10:35:9:184,47.83,6
38109184,10:35:9:184,47.83,6
38109211,10:35:9:211,47.82,100
38119523,10:35:19:523,47.82,100
38124440,10:35:24:440,47.84,100
38128830,10:35:28:830,47.84,100
38128830,10:35:28:830,47.84,100
38128830,10:35:28:830,47.84,100
38128830,10:35:28:830,47.84,200
38128835,10:35:28:835,47.84,100
38128851,10:35:28:851,47.85,200
38128871,10:35:28:871,47.84,100
38131395,10:35:31:395,47.8485,500
38135124,10:35:35:124,47.85,100
38146154,10:35:46:154,47.85,100
38146154,10:35:46:154,47.85,200
38146155,10:35:46:155,47.84,1
38146155,10:35:46:155,47.85,200
38146155,10:35:46:155,47.85,100
38146155,10:35:46:155,47.85,7
38146163,10:35:46:163,47.85,100
38154172,10:35:54:172,47.86,100
38154173,10:35:54:173,47.86,13
38163204,10:36:3:204,47.86,100
38163261,10:36:3:261,47.87,200
38163261,10:36:3:261,47.87,100
38163261,10:36:3:261,47.87,100
38163261,10:36:3:261,47.87,100
38163261,10:36:3:261,47.87,100
38163261,10:36:3:261,47.87,100
38188590,10:36:28:590,47.8714,100
38202221,10:36:42:221,47.87,100
38229525,10:37:9:525,47.86,100
38231760,10:37:11:760,47.87,100
38238955,10:37:18:955,47.865,100
38238982,10:37:18:982,47.865,100
38239878,10:37:19:878,47.86,56
38250885,10:37:30:885,47.8601,70
38259768,10:37:39:768,47.87,100
38281420,10:38:1:420,47.87,100
38281420,10:38:1:420,47.87,100
38281420,10:38:1:420,47.87,200
38281420,10:38:1:420,47.87,100
38281421,10:38:1:421,47.87,100
38281421,10:38:1:421,47.87,200
38281426,10:38:1:426,47.87,100
38281438,10:38:1:438,47.88,100
38295309,10:38:15:309,47.88,216
38295309,10:38:15:309,47.88,100
38295309,10:38:15:309,47.88,10
38295309,10:38:15:309,47.88,200
38295310,10:38:15:310,47.88,99
38295310,10:38:15:310,47.88,74
38295310,10:38:15:310,47.88,100
38295310,10:38:15:310,47.88,99
38295310,10:38:15:310,47.88,1
38295310,10:38:15:310,47.88,1
38295310,10:38:15:310,47.88,100
38295319,10:38:15:319,47.89,100
38342005,10:39:2:5,47.89,1
38365339,10:39:25:339,47.9,100
38395270,10:39:55:270,47.9,5
38395270,10:39:55:270,47.9,1
38397447,10:39:57:447,47.89,100
38397447,10:39:57:447,47.89,100
38397447,10:39:57:447,47.89,167
38397447,10:39:57:447,47.89,400
38397447,10:39:57:447,47.89,133
38397448,10:39:57:448,47.89,15
38397448,10:39:57:448,47.89,300
38397448,10:39:57:448,47.89,100
38397448,10:39:57:448,47.89,100
38397448,10:39:57:448,47.89,100
38397448,10:39:57:448,47.89,100
38397450,10:39:57:450,47.88,1067
38397450,10:39:57:450,47.88,67
38397450,10:39:57:450,47.88,133
38397451,10:39:57:451,47.88,33
38397451,10:39:57:451,47.88,100
38397451,10:39:57:451,47.88,100
38397451,10:39:57:451,47.88,100
38397451,10:39:57:451,47.88,100
38397453,10:39:57:453,47.88,100
38397461,10:39:57:461,47.88,100
38397468,10:39:57:468,47.88,200
38397503,10:39:57:503,47.88,100
38397505,10:39:57:505,47.88,100
38397505,10:39:57:505,47.88,200
38397505,10:39:57:505,47.88,100
38397505,10:39:57:505,47.88,100
38397505,10:39:57:505,47.88,100
38397505,10:39:57:505,47.88,100
38398457,10:39:58:457,47.88,100
38398460,10:39:58:460,47.88,100
38404472,10:40:4:472,47.87,100
38404473,10:40:4:473,47.88,100
38404483,10:40:4:483,47.89,100
38417013,10:40:17:13,47.89,5
38428533,10:40:28:533,47.88,100
38462674,10:41:2:674,47.88,102
38465687,10:41:5:687,47.88,195
38468628,10:41:8:628,47.88,100
38468628,10:41:8:628,47.88,100
38468628,10:41:8:628,47.88,1
38468628,10:41:8:628,47.88,100
38468628,10:41:8:628,47.88,22
38492508,10:41:32:508,47.875,200
38509611,10:41:49:611,47.87,102
38509611,10:41:49:611,47.87,100
38509611,10:41:49:611,47.87,100
38509611,10:41:49:611,47.87,52
38509612,10:41:49:612,47.87,16
38509612,10:41:49:612,47.87,100
38509612,10:41:49:612,47.87,100
38509612,10:41:49:612,47.87,12
38510607,10:41:50:607,47.86,100
38510608,10:41:50:608,47.86,100
38510608,10:41:50:608,47.86,100
38510608,10:41:50:608,47.86,100
38510608,10:41:50:608,47.86,100
38510608,10:41:50:608,47.86,85
38510620,10:41:50:620,47.86,100
38510626,10:41:50:626,47.86,77
38511031,10:41:51:31,47.86,23
38516031,10:41:56:31,47.85,8
38522101,10:42:2:101,47.85,100
38522102,10:42:2:102,47.85,100
38522219,10:42:2:219,47.85,100
38534328,10:42:14:328,47.85,1
38535019,10:42:15:19,47.85,200
38539032,10:42:19:32,47.85,200
38548311,10:42:28:311,47.855,200
38553153,10:42:33:153,47.85,100
38561528,10:42:41:528,47.85,100
38586274,10:43:6:274,47.855,99
38586274,10:43:6:274,47.86,100
38586274,10:43:6:274,47.86,100
38586274,10:43:6:274,47.855,1
38586274,10:43:6:274,47.86,4
38586274,10:43:6:274,47.86,1
38586274,10:43:6:274,47.86,100
38586274,10:43:6:274,47.86,100
38586274,10:43:6:274,47.86,96
38586274,10:43:6:274,47.86,100
38586274,10:43:6:274,47.855,77
38586274,10:43:6:274,47.86,100
38586274,10:43:6:274,47.86,600
38586274,10:43:6:274,47.86,200
38586274,10:43:6:274,47.86,100
38586274,10:43:6:274,47.855,23
38586274,10:43:6:274,47.86,54
38586274,10:43:6:274,47.86,100
38586274,10:43:6:274,47.86,23
38586274,10:43:6:274,47.855,100
38586274,10:43:6:274,47.86,100
38586274,10:43:6:274,47.86,95
38586274,10:43:6:274,47.86,100
38586274,10:43:6:274,47.86,16
38586274,10:43:6:274,47.86,100
38586274,10:43:6:274,47.86,77
38586274,10:43:6:274,47.86,100
38586274,10:43:6:274,47.86,23
38586274,10:43:6:274,47.86,100
38586275,10:43:6:275,47.86,100
38586275,10:43:6:275,47.86,100
38586275,10:43:6:275,47.86,23
38586275,10:43:6:275,47.86,77
38586275,10:43:6:275,47.855,100
38586275,10:43:6:275,47.855,100
38586275,10:43:6:275,47.855,100
38586275,10:43:6:275,47.855,100
38586276,10:43:6:276,47.855,100
38586276,10:43:6:276,47.855,193
38586278,10:43:6:278,47.855,100
38586278,10:43:6:278,47.855,100
38586278,10:43:6:278,47.855,100
38586279,10:43:6:279,47.855,100
38586279,10:43:6:279,47.855,100
38586279,10:43:6:279,47.855,100
38586281,10:43:6:281,47.865,100
38586283,10:43:6:283,47.855,500
38586294,10:43:6:294,47.86,100
38586294,10:43:6:294,47.86,100
38586294,10:43:6:294,47.86,100
38586294,10:43:6:294,47.86,100
38586316,10:43:6:316,47.86,100
38586524,10:43:6:524,47.85,100
38586525,10:43:6:525,47.85,100
38586530,10:43:6:530,47.85,100
38586562,10:43:6:562,47.85,100
38586562,10:43:6:562,47.85,100
38586562,10:43:6:562,47.85,100
38586562,10:43:6:562,47.85,100
38586562,10:43:6:562,47.85,100
38586562,10:43:6:562,47.85,100
38586562,10:43:6:562,47.85,16
38586562,10:43:6:562,47.85,84
38586562,10:43:6:562,47.85,16
38586568,10:43:6:568,47.85,100
38618910,10:43:38:910,47.85,100
38618910,10:43:38:910,47.85,100
38618911,10:43:38:911,47.85,100
38619413,10:43:39:413,47.85,100
38652586,10:44:12:586,47.85,500
38652587,10:44:12:587,47.85,34
38652587,10:44:12:587,47.85,66
38655284,10:44:15:284,47.845,300
38655286,10:44:15:286,47.845,300
38655301,10:44:15:301,47.845,300
38655573,10:44:15:573,47.845,100
38655573,10:44:15:573,47.845,100
38655573,10:44:15:573,47.845,100
38655573,10:44:15:573,47.845,100
38655574,10:44:15:574,47.845,100
38655574,10:44:15:574,47.845,73
38655578,10:44:15:578,47.84,100
38655581,10:44:15:581,47.84,127
38655582,10:44:15:582,47.84,100
38655582,10:44:15:582,47.84,100
38655584,10:44:15:584,47.84,100
38670843,10:44:30:843,47.85,100
38693146,10:44:53:146,47.85,200
38693146,10:44:53:146,47.85,136
38693146,10:44:53:146,47.85,100
38693146,10:44:53:146,47.85,100
38693146,10:44:53:146,47.85,100
38693146,10:44:53:146,47.85,64
38693146,10:44:53:146,47.85,100
38693146,10:44:53:146,47.85,36
38693146,10:44:53:146,47.85,20
38693146,10:44:53:146,47.85,200
38693146,10:44:53:146,47.85,100
38693146,10:44:53:146,47.85,100
38693146,10:44:53:146,47.85,100
38693146,10:44:53:146,47.85,100
38693146,10:44:53:146,47.85,200
38693146,10:44:53:146,47.85,100
38693146,10:44:53:146,47.85,6
38693147,10:44:53:147,47.85,37
38693147,10:44:53:147,47.85,57
38693147,10:44:53:147,47.85,143
38693147,10:44:53:147,47.85,57
38693147,10:44:53:147,47.85,100
38693148,10:44:53:148,47.85,100
38693267,10:44:53:267,47.845,200
38693268,10:44:53:268,47.845,100
38693641,10:44:53:641,47.86,100
38694037,10:44:54:37,47.86,200
38694038,10:44:54:38,47.86,93
38694038,10:44:54:38,47.86,7
38694038,10:44:54:38,47.86,10
38694038,10:44:54:38,47.86,100
38694038,10:44:54:38,47.86,100
38694038,10:44:54:38,47.86,6
38694038,10:44:54:38,47.86,100
38694038,10:44:54:38,47.86,100
38694038,10:44:54:38,47.86,100
38694038,10:44:54:38,47.86,200
38694038,10:44:54:38,47.86,94
38694039,10:44:54:39,47.86,100
38694039,10:44:54:39,47.86,100
38694039,10:44:54:39,47.855,100
38694039,10:44:54:39,47.855,300
38694039,10:44:54:39,47.86,100
38694039,10:44:54:39,47.855,100
38694040,10:44:54:40,47.86,100
38694040,10:44:54:40,47.86,100
38694041,10:44:54:41,47.855,100
38694041,10:44:54:41,47.855,100
38694043,10:44:54:43,47.855,100
38694044,10:44:54:44,47.855,100
38694137,10:44:54:137,47.855,200
38695561,10:44:55:561,47.86,100
38695561,10:44:55:561,47.86,200
38695561,10:44:55:561,47.86,100
38695563,10:44:55:563,47.86,100
38698468,10:44:58:468,47.865,100
38716736,10:45:16:736,47.865,500
38720676,10:45:20:676,47.87,100
38720676,10:45:20:676,47.87,200
38720677,10:45:20:677,47.87,100
38720678,10:45:20:678,47.87,100
38720678,10:45:20:678,47.87,100
38720679,10:45:20:679,47.865,100
38720681,10:45:20:681,47.865,100
38720682,10:45:20:682,47.865,100
38720683,10:45:20:683,47.865,100
38721695,10:45:21:695,47.87,10
38725346,10:45:25:346,47.865,100
38752799,10:45:52:799,47.861,111
38754042,10:45:54:42,47.86,100
38754042,10:45:54:42,47.86,100
38754042,10:45:54:42,47.86,100
38754042,10:45:54:42,47.86,100
38754042,10:45:54:42,47.86,200
38754042,10:45:54:42,47.86,100
38754042,10:45:54:42,47.86,100
38754042,10:45:54:42,47.86,311
38754042,10:45:54:42,47.86,300
38754042,10:45:54:42,47.86,16
38754042,10:45:54:42,47.86,100
38754045,10:45:54:45,47.86,100
38754045,10:45:54:45,47.86,100
38754045,10:45:54:45,47.86,100
38754045,10:45:54:45,47.86,100
38754045,10:45:54:45,47.86,100
38754045,10:45:54:45,47.86,100
38754048,10:45:54:48,47.86,100
38754057,10:45:54:57,47.86,100
38754059,10:45:54:59,47.86,90
38754059,10:45:54:59,47.86,10
38754059,10:45:54:59,47.86,90
38754059,10:45:54:59,47.86,10
38754272,10:45:54:272,47.86,200
38754274,10:45:54:274,47.85,900
38754275,10:45:54:275,47.85,200
38754275,10:45:54:275,47.85,150
38754275,10:45:54:275,47.85,100
38763055,10:46:3:55,47.86,100
38765723,10:46:5:723,47.86,100
38765723,10:46:5:723,47.86,2
38768074,10:46:8:74,47.8561,150
38768080,10:46:8:80,47.86,100
38788630,10:46:28:630,47.8622,200
38794960,10:46:34:960,47.85,100
38794960,10:46:34:960,47.85,100
38794960,10:46:34:960,47.85,100
38794960,10:46:34:960,47.85,16
38794960,10:46:34:960,47.85,100
38794960,10:46:34:960,47.85,100
38794960,10:46:34:960,47.85,34
38794960,10:46:34:960,47.85,100
38794960,10:46:34:960,47.85,66
38794960,10:46:34:960,47.85,100
38794960,10:46:34:960,47.85,39
38794960,10:46:34:960,47.85,100
38794960,10:46:34:960,47.85,61
38794960,10:46:34:960,47.85,100
38794960,10:46:34:960,47.85,100
38794960,10:46:34:960,47.85,200
38794960,10:46:34:960,47.85,100
38794960,10:46:34:960,47.85,100
38794963,10:46:34:963,47.84,100
38794963,10:46:34:963,47.84,100
38794963,10:46:34:963,47.84,100
38794963,10:46:34:963,47.84,100
38794963,10:46:34:963,47.84,100
38794963,10:46:34:963,47.84,1
38794963,10:46:34:963,47.84,100
38794963,10:46:34:963,47.84,200
38794966,10:46:34:966,47.85,100
38794966,10:46:34:966,47.855,100
38795002,10:46:35:2,47.84,100
38795003,10:46:35:3,47.84,100
38795003,10:46:35:3,47.84,99
38795003,10:46:35:3,47.84,100
38795003,10:46:35:3,47.84,100
38795040,10:46:35:40,47.845,100
38795262,10:46:35:262,47.84,100
38795666,10:46:35:666,47.83,100
38795667,10:46:35:667,47.83,100
38795669,10:46:35:669,47.83,200
38795671,10:46:35:671,47.83,100
38795672,10:46:35:672,47.83,200
38795673,10:46:35:673,47.83,100
38795675,10:46:35:675,47.83,300
38795676,10:46:35:676,47.83,100
38795676,10:46:35:676,47.83,100
38795676,10:46:35:676,47.83,100
38795676,10:46:35:676,47.83,200
38795676,10:46:35:676,47.83,100
38795676,10:46:35:676,47.83,200
38795676,10:46:35:676,47.83,100
38795676,10:46:35:676,47.83,100
38795676,10:46:35:676,47.83,80
38795676,10:46:35:676,47.83,59
38795676,10:46:35:676,47.83,100
38795676,10:46:35:676,47.83,100
38795676,10:46:35:676,47.83,100
38795678,10:46:35:678,47.83,100
38795778,10:46:35:778,47.83,100
38797622,10:46:37:622,47.83,6
38798385,10:46:38:385,47.83,80
38802126,10:46:42:126,47.82,59
38802126,10:46:42:126,47.82,70
38802126,10:46:42:126,47.82,16
38812322,10:46:52:322,47.82,84
38826666,10:47:6:666,47.83,100
38826905,10:47:6:905,47.83,100
38827086,10:47:7:86,47.83,104
38829229,10:47:9:229,47.835,100
38835122,10:47:15:122,47.84,200
38835122,10:47:15:122,47.84,100
38835122,10:47:15:122,47.84,100
38835122,10:47:15:122,47.84,100
38835122,10:47:15:122,47.84,100
38835122,10:47:15:122,47.84,200
38835122,10:47:15:122,47.84,200
38835125,10:47:15:125,47.85,100
38835125,10:47:15:125,47.85,100
38835125,10:47:15:125,47.85,100
38835125,10:47:15:125,47.85,100
38835126,10:47:15:126,47.85,100
38835126,10:47:15:126,47.85,200
38835127,10:47:15:127,47.86,100
38835144,10:47:15:144,47.86,300
38836460,10:47:16:460,47.86,20
38836462,10:47:16:462,47.86,20
38836462,10:47:16:462,47.86,80
38836462,10:47:16:462,47.86,100
38836467,10:47:16:467,47.87,20
38836467,10:47:16:467,47.87,100
38836467,10:47:16:467,47.87,200
38836467,10:47:16:467,47.87,100
38836467,10:47:16:467,47.87,80
38836467,10:47:16:467,47.87,600
38836467,10:47:16:467,47.87,100
38836467,10:47:16:467,47.87,100
38836470,10:47:16:470,47.88,20
38836472,10:47:16:472,47.88,100
38836568,10:47:16:568,47.87,100
38846141,10:47:26:141,47.87,16
38846146,10:47:26:146,47.86,100
38846146,10:47:26:146,47.86,100
38846146,10:47:26:146,47.86,47
38846427,10:47:26:427,47.865,100
38846429,10:47:26:429,47.865,100
38846482,10:47:26:482,47.87,300
38847289,10:47:27:289,47.86,200
38847289,10:47:27:289,47.86,100
38847289,10:47:27:289,47.86,100
38847289,10:47:27:289,47.86,100
38847289,10:47:27:289,47.86,100
38847290,10:47:27:290,47.85,100
38847291,10:47:27:291,47.85,100
38847291,10:47:27:291,47.85,100
38850379,10:47:30:379,47.845,3
38851006,10:47:31:6,47.845,100
38851017,10:47:31:17,47.85,100
38859900,10:47:39:900,47.84,100
38859900,10:47:39:900,47.84,100
38859900,10:47:39:900,47.84,100
38859900,10:47:39:900,47.84,1
38859900,10:47:39:900,47.84,100
38859913,10:47:39:913,47.83,100
38859913,10:47:39:913,47.83,100
38859914,10:47:39:914,47.83,399
38860097,10:47:40:97,47.83,100
38860097,10:47:40:97,47.83,100
38860099,10:47:40:99,47.82,100
38860099,10:47:40:99,47.82,100
38860099,10:47:40:99,47.82,100
38860099,10:47:40:99,47.82,16
38860101,10:47:40:101,47.81,400
38860104,10:47:40:104,47.81,84
38865888,10:47:45:888,47.83,100
38907519,10:48:27:519,47.81,10
38915824,10:48:35:824,47.84,100
38915824,10:48:35:824,47.84,100
38915824,10:48:35:824,47.84,150
38915824,10:48:35:824,47.84,50
38915824,10:48:35:824,47.84,200
38915824,10:48:35:824,47.84,100
38915824,10:48:35:824,47.84,75
38915824,10:48:35:824,47.84,100
38915824,10:48:35:824,47.84,100
38915824,10:48:35:824,47.84,100
38915824,10:48:35:824,47.84,54
38915824,10:48:35:824,47.84,25
38915824,10:48:35:824,47.84,46
38915824,10:48:35:824,47.84,100
38915824,10:48:35:824,47.84,100
38915824,10:48:35:824,47.84,100
38915824,10:48:35:824,47.84,200
38915824,10:48:35:824,47.84,100
38915826,10:48:35:826,47.85,55
38915830,10:48:35:830,47.85,45
38915943,10:48:35:943,47.84,100
38916473,10:48:36:473,47.85,100
38917495,10:48:37:495,47.85,100
38919674,10:48:39:674,47.84,100
38928293,10:48:48:293,47.85,100
38939923,10:48:59:923,47.86,10
38944076,10:49:4:76,47.85,100
38947461,10:49:7:461,47.86,17
38952893,10:49:12:893,47.86,100
38973322,10:49:33:322,47.855,100
38977638,10:49:37:638,47.86,300
38977638,10:49:37:638,47.86,100
38977638,10:49:37:638,47.86,50
38977638,10:49:37:638,47.86,50
38977638,10:49:37:638,47.86,100
38977638,10:49:37:638,47.86,48
38977638,10:49:37:638,47.86,183
38977638,10:49:37:638,47.86,52
38977638,10:49:37:638,47.86,148
38977639,10:49:37:639,47.87,100
38978176,10:49:38:176,47.88,100
38978177,10:49:38:177,47.88,100
38978177,10:49:38:177,47.88,1
38978177,10:49:38:177,47.88,100
38978177,10:49:38:177,47.88,100
38978679,10:49:38:679,47.89,100
38987636,10:49:47:636,47.88,100
38991195,10:49:51:195,47.8701,18
38991295,10:49:51:295,47.8701,71
39004274,10:50:4:274,47.89,15
39004281,10:50:4:281,47.89,85
39004281,10:50:4:281,47.89,100
39004281,10:50:4:281,47.89,100
39004281,10:50:4:281,47.89,200
39004281,10:50:4:281,47.89,201
39004282,10:50:4:282,47.89,200
39004282,10:50:4:282,47.89,100
39004282,10:50:4:282,47.89,100
39004282,10:50:4:282,47.89,95
39004282,10:50:4:282,47.89,90
39004282,10:50:4:282,47.88,100
39004282,10:50:4:282,47.88,200
39004282,10:50:4:282,47.88,100
39004282,10:50:4:282,47.88,100
39004282,10:50:4:282,47.89,100
39004283,10:50:4:283,47.89,5
39004283,10:50:4:283,47.89,95
39004284,10:50:4:284,47.89,10
39004284,10:50:4:284,47.89,100
39004284,10:50:4:284,47.89,90
39004284,10:50:4:284,47.89,10
39004284,10:50:4:284,47.88,100
39004284,10:50:4:284,47.89,5
39004284,10:50:4:284,47.88,100
39004286,10:50:4:286,47.885,500
39004286,10:50:4:286,47.89,100
39004286,10:50:4:286,47.88,100
39004287,10:50:4:287,47.88,100
39004327,10:50:4:327,47.89,100
39004400,10:50:4:400,47.89,100
39004400,10:50:4:400,47.89,100
39004589,10:50:4:589,47.895,100
39006699,10:50:6:699,47.89,16
39006699,10:50:6:699,47.89,584
39006699,10:50:6:699,47.89,16
39006700,10:50:6:700,47.89,16
39010608,10:50:10:608,47.88,100
39017161,10:50:17:161,47.88,44
39018261,10:50:18:261,47.88,100
39018261,10:50:18:261,47.88,100
39018265,10:50:18:265,47.88,70
39018267,10:50:18:267,47.88,100
39039483,10:50:39:483,47.89,200
39039483,10:50:39:483,47.88,100
39039483,10:50:39:483,47.88,100
39039519,10:50:39:519,47.88,34
39039519,10:50:39:519,47.88,100
39040193,10:50:40:193,47.88,100
39053673,10:50:53:673,47.89,100
39053673,10:50:53:673,47.89,1
39053676,10:50:53:676,47.89,100
39061588,10:51:1:588,47.885,100
39063956,10:51:3:956,47.885,100
39064345,10:51:4:345,47.89,100
39064345,10:51:4:345,47.89,3
39064348,10:51:4:348,47.89,100
39071007,10:51:11:7,47.8801,99
39078239,10:51:18:239,47.89,100
39078241,10:51:18:241,47.89,100
39087246,10:51:27:246,47.89,100
39102036,10:51:42:36,47.885,100
39102483,10:51:42:483,47.885,100
39104247,10:51:44:247,47.89,100
39104248,10:51:44:248,47.885,100
39104248,10:51:44:248,47.89,93
39104248,10:51:44:248,47.89,7
39104249,10:51:44:249,47.885,100
39104250,10:51:44:250,47.885,100
39104252,10:51:44:252,47.89,7
39104252,10:51:44:252,47.89,93
39104252,10:51:44:252,47.885,100
39107093,10:51:47:93,47.885,100
39116027,10:51:56:27,47.885,100
39116031,10:51:56:31,47.885,100
39119217,10:51:59:217,47.88,100
39119217,10:51:59:217,47.88,100
39119217,10:51:59:217,47.88,100
39119217,10:51:59:217,47.88,200
39119217,10:51:59:217,47.88,100
39119217,10:51:59:217,47.88,200
39119217,10:51:59:217,47.88,100
39119217,10:51:59:217,47.88,100
39119217,10:51:59:217,47.88,913
39119217,10:51:59:217,47.88,100
39119217,10:51:59:217,47.88,100
39119217,10:51:59:217,47.88,100
39119218,10:51:59:218,47.87,200
39119218,10:51:59:218,47.87,100
39119218,10:51:59:218,47.87,100
39119218,10:51:59:218,47.87,100
39119218,10:51:59:218,47.87,100
39119219,10:51:59:219,47.87,100
39119219,10:51:59:219,47.87,100
39119219,10:51:59:219,47.87,70
39119219,10:51:59:219,47.87,100
39119219,10:51:59:219,47.87,100
39119219,10:51:59:219,47.87,100
39119219,10:51:59:219,47.87,100
39119221,10:51:59:221,47.88,100
39119221,10:51:59:221,47.87,100
39119234,10:51:59:234,47.87,100
39119772,10:51:59:772,47.87,1
39119776,10:51:59:776,47.86,100
39119777,10:51:59:777,47.86,100
39119779,10:51:59:779,47.86,199
39119779,10:51:59:779,47.86,300
39119779,10:51:59:779,47.86,90
39119781,10:51:59:781,47.86,1
39119781,10:51:59:781,47.86,199
39119782,10:51:59:782,47.86,500
39119784,10:51:59:784,47.86,100
39119784,10:51:59:784,47.86,100
39119784,10:51:59:784,47.86,59
39119900,10:51:59:900,47.86,100
39120391,10:52:0:391,47.85,100
39120391,10:52:0:391,47.85,73
39120391,10:52:0:391,47.85,100
39120391,10:52:0:391,47.85,100
39120391,10:52:0:391,47.85,10
39121028,10:52:1:28,47.84,100
39121831,10:52:1:831,47.85,100
39121833,10:52:1:833,47.85,7
39121833,10:52:1:833,47.85,93
39121833,10:52:1:833,47.86,10
39121833,10:52:1:833,47.85,7
39122005,10:52:2:5,47.85,100
39122543,10:52:2:543,47.85,100
39122543,10:52:2:543,47.85,100
39122543,10:52:2:543,47.85,16
39130213,10:52:10:213,47.85,100
39130213,10:52:10:213,47.85,100
39130213,10:52:10:213,47.85,10
39130213,10:52:10:213,47.85,10
39130213,10:52:10:213,47.85,45
39130213,10:52:10:213,47.85,45
39130214,10:52:10:214,47.85,45
39130889,10:52:10:889,47.85,100
39130889,10:52:10:889,47.85,100
39133467,10:52:13:467,47.86,100
39133468,10:52:13:468,47.86,100
39133468,10:52:13:468,47.86,100
39133469,10:52:13:469,47.86,10
39133469,10:52:13:469,47.86,90
39158334,10:52:38:334,47.8593,100
39158336,10:52:38:336,47.8593,100
39162700,10:52:42:700,47.9,100
39192297,10:53:12:297,47.9,55
39192297,10:53:12:297,47.9,45
39195431,10:53:15:431,47.9,62
39195617,10:53:15:617,47.9,100
39225171,10:53:45:171,47.89,30
39225171,10:53:45:171,47.89,70
39225171,10:53:45:171,47.89,62
39225171,10:53:45:171,47.89,100
39225171,10:53:45:171,47.89,51
39225171,10:53:45:171,47.89,11
39225172,10:53:45:172,47.89,109
39225176,10:53:45:176,47.89,100
39225176,10:53:45:176,47.89,100
39233333,10:53:53:333,47.88,100
39233333,10:53:53:333,47.88,100
39233333,10:53:53:333,47.88,62
39233333,10:53:53:333,47.88,100
39233333,10:53:53:333,47.88,100
39233334,10:53:53:334,47.88,100
39233522,10:53:53:522,47.87,100
39233525,10:53:53:525,47.87,1
39233886,10:53:53:886,47.88,100
39235421,10:53:55:421,47.87,100
39235421,10:53:55:421,47.87,100
39252753,10:54:12:753,47.87,100
39252753,10:54:12:753,47.87,100
39253091,10:54:13:91,47.86,100
39253527,10:54:13:527,47.86,100
39267791,10:54:27:791,47.865,100
39270330,10:54:30:330,47.8697,100
39290836,10:54:50:836,47.86,100
39295584,10:54:55:584,47.86,20
39295585,10:54:55:585,47.86,80
39295585,10:54:55:585,47.86,100
39295585,10:54:55:585,47.86,400
39295585,10:54:55:585,47.85,20
39295588,10:54:55:588,47.86,1
39295588,10:54:55:588,47.85,19
39295588,10:54:55:588,47.85,20
39295590,10:54:55:590,47.86,100
39295831,10:54:55:831,47.86,100
39295948,10:54:55:948,47.85,100
39296291,10:54:56:291,47.85,100
39297042,10:54:57:42,47.85,100
39297042,10:54:57:42,47.85,100
39311054,10:55:11:54,47.86,100
39311155,10:55:11:155,47.84,100
39311499,10:55:11:499,47.84,100
39314366,10:55:14:366,47.859,33
39314484,10:55:14:484,47.84,61
39327158,10:55:27:158,47.84,100
39327161,10:55:27:161,47.84,100
39327161,10:55:27:161,47.84,100
39327161,10:55:27:161,47.84,56
39343218,10:55:43:218,47.83,100
39349437,10:55:49:437,47.83,100
39349437,10:55:49:437,47.83,100
39349437,10:55:49:437,47.83,100
39349437,10:55:49:437,47.83,100
39349437,10:55:49:437,47.83,59
39349437,10:55:49:437,47.83,41
39349437,10:55:49:437,47.83,100
39349437,10:55:49:437,47.83,58
39349437,10:55:49:437,47.83,1
39349440,10:55:49:440,47.83,4
39349558,10:55:49:558,47.82,100
39349896,10:55:49:896,47.82,100
39355643,10:55:55:643,47.83,1
39355701,10:55:55:701,47.82,20
39357203,10:55:57:203,47.82,53
39357203,10:55:57:203,47.82,2
39357206,10:55:57:206,47.81,47
39364004,10:56:4:4,47.82,100
39364004,10:56:4:4,47.82,100
39364004,10:56:4:4,47.82,100
39364004,10:56:4:4,47.82,100
39364004,10:56:4:4,47.82,100
39364004,10:56:4:4,47.82,100
39364004,10:56:4:4,47.82,100
39364005,10:56:4:5,47.815,100
39364010,10:56:4:10,47.82,100
39364296,10:56:4:296,47.81,100
39364297,10:56:4:297,47.81,100
39364763,10:56:4:763,47.81,100
39364796,10:56:4:796,47.81,300
39365097,10:56:5:97,47.81,100
39365562,10:56:5:562,47.81,100
39365563,10:56:5:563,47.81,100
39365565,10:56:5:565,47.81,600
39365572,10:56:5:572,47.805,300
39365670,10:56:5:670,47.805,300
39365897,10:56:5:897,47.8,100
39366363,10:56:6:363,47.8,100
39366363,10:56:6:363,47.8,40
39366363,10:56:6:363,47.8,100
39366363,10:56:6:363,47.8,55
39366363,10:56:6:363,47.8,100
39366364,10:56:6:364,47.81,200
39366369,10:56:6:369,47.8,15
39366383,10:56:6:383,47.805,200
39366696,10:56:6:696,47.79,100
39366697,10:56:6:697,47.79,100
39366747,10:56:6:747,47.805,1800
39367172,10:56:7:172,47.79,100
39367173,10:56:7:173,47.79,200
39367502,10:56:7:502,47.79,100
39367505,10:56:7:505,47.79,100
39367994,10:56:7:994,47.79,100
39368116,10:56:8:116,47.79,13
39368296,10:56:8:296,47.79,100
39369216,10:56:9:216,47.8,500
39370749,10:56:10:749,47.79,100
39393955,10:56:33:955,47.7984,110
39394367,10:56:34:367,47.79,100
39394396,10:56:34:396,47.8,100
39394696,10:56:34:696,47.79,100
39397428,10:56:37:428,47.79,28
39397428,10:56:37:428,47.79,100
39397428,10:56:37:428,47.79,100
39397428,10:56:37:428,47.79,10
39397428,10:56:37:428,47.79,16
39397428,10:56:37:428,47.79,73
39397428,10:56:37:428,47.79,100
39397432,10:56:37:432,47.8,200
39397434,10:56:37:434,47.78,2
39397567,10:56:37:567,47.79,100
39397898,10:56:37:898,47.79,100
39416154,10:56:56:154,47.79,40
39416222,10:56:56:222,47.79,100
39416223,10:56:56:223,47.79,100
39416223,10:56:56:223,47.79,100
39416223,10:56:56:223,47.79,100
39416223,10:56:56:223,47.79,10
39416223,10:56:56:223,47.79,10
39429431,10:57:9:431,47.79,100
39434593,10:57:14:593,47.8,200
39434593,10:57:14:593,47.8,100
39434593,10:57:14:593,47.79,100
39434702,10:57:14:702,47.8,100
39435178,10:57:15:178,47.79,100
39450728,10:57:30:728,47.795,300
39450730,10:57:30:730,47.795,1400
39450742,10:57:30:742,47.795,700
39450742,10:57:30:742,47.795,500
39450753,10:57:30:753,47.795,600
39450831,10:57:30:831,47.795,1000
39451176,10:57:31:176,47.79,100
39451177,10:57:31:177,47.79,100
39451178,10:57:31:178,47.79,100
39451179,10:57:31:179,47.79,100
39451180,10:57:31:180,47.79,100
39451186,10:57:31:186,47.79,100
39451186,10:57:31:186,47.79,53
39451187,10:57:31:187,47.79,47
39451203,10:57:31:203,47.795,200
39451213,10:57:31:213,47.795,200
39451217,10:57:31:217,47.795,200
39451311,10:57:31:311,47.795,200
39451318,10:57:31:318,47.795,400
39451323,10:57:31:323,47.795,500
39451333,10:57:31:333,47.795,300
39451345,10:57:31:345,47.795,500
39451395,10:57:31:395,47.795,500
39451501,10:57:31:501,47.795,300
39451502,10:57:31:502,47.795,500
39451660,10:57:31:660,47.795,100
39451902,10:57:31:902,47.795,1000
39451911,10:57:31:911,47.795,300
39451976,10:57:31:976,47.795,200
39451977,10:57:31:977,47.795,300
39452304,10:57:32:304,47.79,100
39452304,10:57:32:304,47.79,200
39452306,10:57:32:306,47.79,100
39452306,10:57:32:306,47.79,100
39452306,10:57:32:306,47.79,100
39452776,10:57:32:776,47.78,100
39453224,10:57:33:224,47.78,100
39456617,10:57:36:617,47.785,400
39456777,10:57:36:777,47.78,100
39457102,10:57:37:102,47.78,100
39458351,10:57:38:351,47.8104,100
39461250,10:57:41:250,47.785,100
39461250,10:57:41:250,47.785,100
39461252,10:57:41:252,47.785,100
39461252,10:57:41:252,47.79,100
39461254,10:57:41:254,47.79,100
39461256,10:57:41:256,47.79,100
39464831,10:57:44:831,47.785,500
39465102,10:57:45:102,47.78,100
39465581,10:57:45:581,47.78,100
39465679,10:57:45:679,47.78,100
39465680,10:57:45:680,47.78,36
39465680,10:57:45:680,47.78,100
39467130,10:57:47:130,47.79,100
39467131,10:57:47:131,47.79,100
39467131,10:57:47:131,47.79,100
39467135,10:57:47:135,47.79,100
39467136,10:57:47:136,47.79,100
39467148,10:57:47:148,47.79,200
39467181,10:57:47:181,47.78,100
39467181,10:57:47:181,47.79,320
39467202,10:57:47:202,47.79,100
39467247,10:57:47:247,47.79,100
39467504,10:57:47:504,47.78,100
39467544,10:57:47:544,47.78,100
39467652,10:57:47:652,47.79,100
39467654,10:57:47:654,47.78,100
39467654,10:57:47:654,47.78,100
39467654,10:57:47:654,47.78,2
39467654,10:57:47:654,47.78,98
39467654,10:57:47:654,47.78,100
39467654,10:57:47:654,47.78,2
39467656,10:57:47:656,47.79,100
39467981,10:57:47:981,47.785,100
39467981,10:57:47:981,47.7898,100
39467983,10:57:47:983,47.78,100
39467984,10:57:47:984,47.785,100
39467987,10:57:47:987,47.7898,100
39468302,10:57:48:302,47.78,100
39474587,10:57:54:587,47.78,100
39474598,10:57:54:598,47.78,34
39474598,10:57:54:598,47.78,100
39474615,10:57:54:615,47.78,66
39474615,10:57:54:615,47.79,134
39477534,10:57:57:534,47.79,34
39477535,10:57:57:535,47.79,100
39479542,10:57:59:542,47.79,3300
39479544,10:57:59:544,47.79,5400
39479556,10:57:59:556,47.79,1000
39479556,10:57:59:556,47.79,600
39479566,10:57:59:566,47.79,1100
39479567,10:57:59:567,47.79,1500
39479592,10:57:59:592,47.78,100
39479592,10:57:59:592,47.78,100
39479592,10:57:59:592,47.79,1000
39479831,10:57:59:831,47.79,1100
39479980,10:57:59:980,47.79,500
39479981,10:57:59:981,47.79,1000
39480142,10:58:0:142,47.79,300
39480144,10:58:0:144,47.79,3300
39480157,10:58:0:157,47.79,500
39480157,10:58:0:157,47.79,300
39480168,10:58:0:168,47.79,500
39480301,10:58:0:301,47.78,700
39480301,10:58:0:301,47.78,1400
39480435,10:58:0:435,47.78,500
39480780,10:58:0:780,47.78,300
39480781,10:58:0:781,47.78,600
39481102,10:58:1:102,47.77,100
39481104,10:58:1:104,47.77,100
39481107,10:58:1:107,47.77,100
39481109,10:58:1:109,47.77,100
39481114,10:58:1:114,47.78,200
39481583,10:58:1:583,47.77,200
39481600,10:58:1:600,47.77,100
39481600,10:58:1:600,47.77,16
39483620,10:58:3:620,47.77,100
39483621,10:58:3:621,47.77,10
39484582,10:58:4:582,47.77,100
39485754,10:58:5:754,47.77,300
39488987,10:58:8:987,47.77,100
39490372,10:58:10:372,47.775,100
39490391,10:58:10:391,47.7798,100
39490398,10:58:10:398,47.775,100
39490401,10:58:10:401,47.7798,100
39490705,10:58:10:705,47.77,100
39490705,10:58:10:705,47.77,100
39490705,10:58:10:705,47.77,100
39490720,10:58:10:720,47.775,200
39490720,10:58:10:720,47.775,200
39490731,10:58:10:731,47.775,200
39490791,10:58:10:791,47.7725,1000
39490821,10:58:10:821,47.775,200
39491054,10:58:11:54,47.78,100
39491056,10:58:11:56,47.78,100
39491162,10:58:11:162,47.77,100
39491183,10:58:11:183,47.77,100
39491183,10:58:11:183,47.77,100
39491183,10:58:11:183,47.77,100
39491505,10:58:11:505,47.76,100
39491505,10:58:11:505,47.76,300
39491505,10:58:11:505,47.76,57
39492803,10:58:12:803,47.765,200
39495250,10:58:15:250,47.77,100
39495250,10:58:15:250,47.77,100
39495250,10:58:15:250,47.77,45
39495250,10:58:15:250,47.77,100
39495250,10:58:15:250,47.77,100
39495250,10:58:15:250,47.77,55
39495251,10:58:15:251,47.77,95
39495253,10:58:15:253,47.77,5
39497779,10:58:17:779,47.78,100
39497869,10:58:17:869,47.78,100
39497879,10:58:17:879,47.78,100
39498228,10:58:18:228,47.78,100
39498228,10:58:18:228,47.78,10
39501290,10:58:21:290,47.78,100
39501290,10:58:21:290,47.78,100
39501290,10:58:21:290,47.78,100
39501291,10:58:21:291,47.78,100
39501292,10:58:21:292,47.78,200
39501292,10:58:21:292,47.78,100
39501294,10:58:21:294,47.78,90
39501303,10:58:21:303,47.78,5
39501426,10:58:21:426,47.78,100
39503484,10:58:23:484,47.785,100
39503491,10:58:23:491,47.78,100
39503547,10:58:23:547,47.79,200
39503547,10:58:23:547,47.79,100
39503548,10:58:23:548,47.78,100
39503548,10:58:23:548,47.78,100
39503548,10:58:23:548,47.79,100
39503548,10:58:23:548,47.79,100
39503548,10:58:23:548,47.79,100
39503551,10:58:23:551,47.79,100
39503892,10:58:23:892,47.79,100
39503903,10:58:23:903,47.79,100
39503904,10:58:23:904,47.79,100
39512566,10:58:32:566,47.795,800
39512727,10:58:32:727,47.8,100
39512727,10:58:32:727,47.8,100
39512729,10:58:32:729,47.8,100
39512729,10:58:32:729,47.8,100
39512730,10:58:32:730,47.8,100
39513572,10:58:33:572,47.795,100
39513575,10:58:33:575,47.7998,100
39513752,10:58:33:752,47.8,100
39514302,10:58:34:302,47.8,100
39514303,10:58:34:303,47.8,100
39514303,10:58:34:303,47.8,10
39514625,10:58:34:625,47.81,100
39517608,10:58:37:608,47.81,100
39518798,10:58:38:798,47.81,100
39519457,10:58:39:457,47.81,100
39520205,10:58:40:205,47.81,100
39520479,10:58:40:479,47.81,100
39521270,10:58:41:270,47.81,100
39521668,10:58:41:668,47.819,100
39531304,10:58:51:304,47.82,100
39531304,10:58:51:304,47.81,1
39531305,10:58:51:305,47.82,100
39531305,10:58:51:305,47.82,10
39531716,10:58:51:716,47.81,100
39531716,10:58:51:716,47.81,200
39531716,10:58:51:716,47.81,200
39531716,10:58:51:716,47.81,500
39531716,10:58:51:716,47.81,200
39531717,10:58:51:717,47.8,100
39531717,10:58:51:717,47.8,100
39531717,10:58:51:717,47.8,100
39531717,10:58:51:717,47.8,100
39531718,10:58:51:718,47.8,100
39531718,10:58:51:718,47.8,100
39531718,10:58:51:718,47.8,3
39531718,10:58:51:718,47.8,103
39531718,10:58:51:718,47.8,16
39531718,10:58:51:718,47.8,100
39531718,10:58:51:718,47.8,84
39533710,10:58:53:710,47.795,1000
39535373,10:58:55:373,47.79,13
39536793,10:58:56:793,47.795,200
39536863,10:58:56:863,47.795,400
39537588,10:58:57:588,47.79,100
39537588,10:58:57:588,47.79,100
39537736,10:58:57:736,47.7943,100
39540657,10:59:0:657,47.8,100
39542416,10:59:2:416,47.8,4
39542416,10:59:2:416,47.8,96
39542706,10:59:2:706,47.79,100
39542708,10:59:2:708,47.79,100
39544213,10:59:4:213,47.8,63
39544535,10:59:4:535,47.795,200
39544648,10:59:4:648,47.795,1800
39545106,10:59:5:106,47.79,200
39564400,10:59:24:400,47.79,3
39570804,10:59:30:804,47.7999,25
39574306,10:59:34:306,47.79,74
39574308,10:59:34:308,47.79,200
39574309,10:59:34:309,47.79,100
39574322,10:59:34:322,47.795,200
39574426,10:59:34:426,47.7925,700
39575194,10:59:35:194,47.79,100
39575194,10:59:35:194,47.79,97
39575194,10:59:35:194,47.79,78
39575194,10:59:35:194,47.79,16
39575508,10:59:35:508,47.78,200
39580030,10:59:40:30,47.78,14
39581393,10:59:41:393,47.78,86
39582984,10:59:42:984,47.78,100
39583077,10:59:43:77,47.79,1
39585619,10:59:45:619,47.78,99
39590022,10:59:50:22,47.78,14
39590025,10:59:50:25,47.78,14
39592286,10:59:52:286,47.78,10
39600168,11:0:0:168,47.77,100
39600168,11:0:0:168,47.77,32
39600168,11:0:0:168,47.77,68
39600168,11:0:0:168,47.77,100
39600168,11:0:0:168,47.77,32
39600216,11:0:0:216,47.77,1
39600216,11:0:0:216,47.77,1
39600216,11:0:0:216,47.77,7
39600383,11:0:0:383,47.78,100
39600384,11:0:0:384,47.77,300
39600384,11:0:0:384,47.77,100
39600384,11:0:0:384,47.77,99
39600385,11:0:0:385,47.77,368
39600385,11:0:0:385,47.77,150
39600385,11:0:0:385,47.77,500
39600386,11:0:0:386,47.77,150
39600386,11:0:0:386,47.77,100
39600386,11:0:0:386,47.77,126
39600386,11:0:0:386,47.77,74
39600386,11:0:0:386,47.77,26
39600386,11:0:0:386,47.77,200
39600386,11:0:0:386,47.77,100
39600388,11:0:0:388,47.77,100
39600388,11:0:0:388,47.77,100
39600397,11:0:0:397,47.76,100
39600397,11:0:0:397,47.76,100
39600397,11:0:0:397,47.76,100
39600397,11:0:0:397,47.76,100
39600397,11:0:0:397,47.76,200
39600806,11:0:0:806,47.76,73
39600806,11:0:0:806,47.76,200
39600806,11:0:0:806,47.76,100
39600807,11:0:0:807,47.76,27
39600811,11:0:0:811,47.76,100
39600863,11:0:0:863,47.76,1
39600928,11:0:0:928,47.77,100
39600995,11:0:0:995,47.76,100
39601110,11:0:1:110,47.75,50
39601110,11:0:1:110,47.75,350
39601114,11:0:1:114,47.75,50
39601493,11:0:1:493,47.76,100
39601638,11:0:1:638,47.75,33
39601638,11:0:1:638,47.75,100
39601638,11:0:1:638,47.75,10
39601638,11:0:1:638,47.75,100
39602001,11:0:2:1,47.75,57
39603283,11:0:3:283,47.76,100
39603294,11:0:3:294,47.76,100
39604049,11:0:4:49,47.755,100
39605415,11:0:5:415,47.76,200
39605415,11:0:5:415,47.76,200
39605415,11:0:5:415,47.76,200
39605415,11:0:5:415,47.76,100
39605415,11:0:5:415,47.76,34
39605415,11:0:5:415,47.76,66
39605415,11:0:5:415,47.76,100
39605415,11:0:5:415,47.76,100
39605416,11:0:5:416,47.77,100
39605417,11:0:5:417,47.77,100
39605991,11:0:5:991,47.76,100
39607466,11:0:7:466,47.78,100
39607466,11:0:7:466,47.78,1
39607467,11:0:7:467,47.775,100
39607469,11:0:7:469,47.78,100
39607469,11:0:7:469,47.78,100
39607725,11:0:7:725,47.78,100
39607725,11:0:7:725,47.78,96
39607728,11:0:7:728,47.775,100
39609021,11:0:9:21,47.78,100
39610047,11:0:10:47,47.78,100
39611937,11:0:11:937,47.78,100
39611937,11:0:11:937,47.78,4
39612803,11:0:12:803,47.79,200
39612804,11:0:12:804,47.79,400
39612804,11:0:12:804,47.79,200
39612810,11:0:12:810,47.79,500
39612847,11:0:12:847,47.79,600
39616959,11:0:16:959,47.79,100
39616959,11:0:16:959,47.79,100
39616959,11:0:16:959,47.79,100
39616959,11:0:16:959,47.79,100
39617610,11:0:17:610,47.79,100
39617610,11:0:17:610,47.79,100
39618295,11:0:18:295,47.785,200
39618298,11:0:18:298,47.785,300
39618417,11:0:18:417,47.7825,300
39618493,11:0:18:493,47.785,1600
39618709,11:0:18:709,47.78,100
39618718,11:0:18:718,47.7825,200
39618719,11:0:18:719,47.77,100
39618720,11:0:18:720,47.77,100
39619211,11:0:19:211,47.77,100
39619211,11:0:19:211,47.77,100
39619809,11:0:19:809,47.765,200
39621933,11:0:21:933,47.77,100
39630001,11:0:30:1,47.7851,100
39637685,11:0:37:685,47.765,200
39643086,11:0:43:86,47.77,100
39643086,11:0:43:86,47.77,200
39643086,11:0:43:86,47.77,24
39643086,11:0:43:86,47.77,50
39643086,11:0:43:86,47.77,50
39643086,11:0:43:86,47.77,50
39643086,11:0:43:86,47.77,50
39643087,11:0:43:87,47.77,100
39643508,11:0:43:508,47.76,100
39643511,11:0:43:511,47.76,100
39655666,11:0:55:666,47.77,200
39659293,11:0:59:293,47.77,9
39665978,11:1:5:978,47.77,100
39678717,11:1:18:717,47.775,8
39678717,11:1:18:717,47.77,92
39683543,11:1:23:543,47.78,100
39683543,11:1:23:543,47.78,100
39683543,11:1:23:543,47.78,100
39683543,11:1:23:543,47.78,200
39683543,11:1:23:543,47.78,100
39683543,11:1:23:543,47.78,100
39683548,11:1:23:548,47.79,5
39683548,11:1:23:548,47.79,100
39683548,11:1:23:548,47.79,31
39683548,11:1:23:548,47.79,100
39683548,11:1:23:548,47.79,100
39683548,11:1:23:548,47.79,64
39683548,11:1:23:548,47.79,100
39683548,11:1:23:548,47.79,100
39683548,11:1:23:548,47.79,100
39683610,11:1:23:610,47.795,200
39683619,11:1:23:619,47.795,600
39683645,11:1:23:645,47.795,400
39684025,11:1:24:25,47.8,100
39684027,11:1:24:27,47.81,100
39694699,11:1:34:699,47.81,100
39698286,11:1:38:286,47.81,100
39715040,11:1:55:40,47.8,100
39715040,11:1:55:40,47.8,100
39715040,11:1:55:40,47.8,139
39715041,11:1:55:41,47.8,100
39715042,11:1:55:42,47.79,50
39715045,11:1:55:45,47.81,235
39715046,11:1:55:46,47.81,200
39722481,11:2:2:481,47.81,100
39722481,11:2:2:481,47.81,100
39722747,11:2:2:747,47.81,46
39725831,11:2:5:831,47.82,100
39730897,11:2:10:897,47.82,2
39742774,11:2:22:774,47.81,20
39742776,11:2:22:776,47.81,20
39742777,11:2:22:777,47.81,20
39755908,11:2:35:908,47.82,229
39760098,11:2:40:98,47.7915,100
39781659,11:3:1:659,47.82,100
39787192,11:3:7:192,47.82,1
39787409,11:3:7:409,47.82,99
39787409,11:3:7:409,47.825,2
39787409,11:3:7:409,47.82,99
39790023,11:3:10:23,47.83,200
39794079,11:3:14:79,47.83,100
39800079,11:3:20:79,47.83,100
39804777,11:3:24:777,47.825,100
39805096,11:3:25:96,47.83,100
39805506,11:3:25:506,47.83,100
39812594,11:3:32:594,47.825,100
39816140,11:3:36:140,47.83,100
39820293,11:3:40:293,47.82,100
39820293,11:3:40:293,47.82,200
39820293,11:3:40:293,47.82,100
39820293,11:3:40:293,47.82,100
39820293,11:3:40:293,47.82,300
39820293,11:3:40:293,47.82,100
39820293,11:3:40:293,47.82,100
39820293,11:3:40:293,47.82,1
39820293,11:3:40:293,47.82,200
39820293,11:3:40:293,47.82,100
39820293,11:3:40:293,47.82,100
39820355,11:3:40:355,47.82,100
39820800,11:3:40:800,47.81,100
39820842,11:3:40:842,47.81,280
39820843,11:3:40:843,47.81,13
39821279,11:3:41:279,47.8,100
39821800,11:3:41:800,47.79,4
39821800,11:3:41:800,47.79,46
39821822,11:3:41:822,47.79,100
39832591,11:3:52:591,47.79,100
39834074,11:3:54:74,47.8,100
39834074,11:3:54:74,47.8,200
39834074,11:3:54:74,47.8,100
39834074,11:3:54:74,47.795,100
39834074,11:3:54:74,47.8,100
39834074,11:3:54:74,47.795,100
39834074,11:3:54:74,47.8,100
39834074,11:3:54:74,47.8,100
39834074,11:3:54:74,47.8,100
39834074,11:3:54:74,47.8,100
39834074,11:3:54:74,47.8,100
39834074,11:3:54:74,47.795,100
39834074,11:3:54:74,47.8,300
39834074,11:3:54:74,47.795,100
39834074,11:3:54:74,47.8,400
39834075,11:3:54:75,47.8,10
39834075,11:3:54:75,47.8,10
39834075,11:3:54:75,47.8,10
39834075,11:3:54:75,47.8,10
39834075,11:3:54:75,47.8,10
39834094,11:3:54:94,47.8,100
39855006,11:4:15:6,47.8,100
39855007,11:4:15:7,47.8,100
39855007,11:4:15:7,47.795,100
39855008,11:4:15:8,47.8,100
39855008,11:4:15:8,47.8,100
39855010,11:4:15:10,47.8,300
39855042,11:4:15:42,47.8,100
39855131,11:4:15:131,47.805,500
39855806,11:4:15:806,47.805,200
39859530,11:4:19:530,47.8,50
39859530,11:4:19:530,47.8,200
39859531,11:4:19:531,47.8,50
39859531,11:4:19:531,47.8,200
39859531,11:4:19:531,47.8,100
39859535,11:4:19:535,47.805,200
39859556,11:4:19:556,47.8,100
39871872,11:4:31:872,47.79,300
39871873,11:4:31:873,47.79,1
39871873,11:4:31:873,47.79,100
39871873,11:4:31:873,47.79,100
39872474,11:4:32:474,47.78,100
39872474,11:4:32:474,47.785,300
39872495,11:4:32:495,47.78,100
39872495,11:4:32:495,47.78,100
39872495,11:4:32:495,47.78,100
39872495,11:4:32:495,47.78,100
39872495,11:4:32:495,47.78,60
39873018,11:4:33:18,47.78,1
39873791,11:4:33:791,47.78,100
39875482,11:4:35:482,47.77,100
39875482,11:4:35:482,47.77,100
39875482,11:4:35:482,47.77,100
39875482,11:4:35:482,47.77,200
39875482,11:4:35:482,47.77,66
39875489,11:4:35:489,47.76,200
39875489,11:4:35:489,47.76,100
39875503,11:4:35:503,47.76,1
39875503,11:4:35:503,47.76,1
39875503,11:4:35:503,47.76,1
39875503,11:4:35:503,47.76,1
39875654,11:4:35:654,47.76,200
39876599,11:4:36:599,47.75,100
39876600,11:4:36:600,47.75,50
39876600,11:4:36:600,47.75,50
39882704,11:4:42:704,47.75,1
39882706,11:4:42:706,47.75,200
39882707,11:4:42:707,47.75,200
39882914,11:4:42:914,47.75,100
39885827,11:4:45:827,47.75,100
39892163,11:4:52:163,47.75,100
39893043,11:4:53:43,47.75,99
39895028,11:4:55:28,47.75,100
39895603,11:4:55:603,47.75,100
39895666,11:4:55:666,47.75,100
39897342,11:4:57:342,47.75,101
39897343,11:4:57:343,47.75,100
39900913,11:5:0:913,47.75,200
39901364,11:5:1:364,47.74,100
39901366,11:5:1:366,47.74,100
39901372,11:5:1:372,47.74,100
39901372,11:5:1:372,47.74,200
39901372,11:5:1:372,47.74,100
39901680,11:5:1:680,47.74,200
39901681,11:5:1:681,47.74,200
39901683,11:5:1:683,47.74,100
39902714,11:5:2:714,47.75,1
39902716,11:5:2:716,47.75,200
39902717,11:5:2:717,47.75,200
39908259,11:5:8:259,47.75,65
39910535,11:5:10:535,47.74,100
39912491,11:5:12:491,47.75,100
39912492,11:5:12:492,47.75,100
39912497,11:5:12:497,47.75,100
39912503,11:5:12:503,47.75,35
39912503,11:5:12:503,47.75,65
39912540,11:5:12:540,47.75,100
39912934,11:5:12:934,47.75,100
39913054,11:5:13:54,47.75,100
39913055,11:5:13:55,47.75,35
39913055,11:5:13:55,47.75,65
39922474,11:5:22:474,47.76,100
39922474,11:5:22:474,47.76,100
39922474,11:5:22:474,47.76,100
39922474,11:5:22:474,47.76,100
39922474,11:5:22:474,47.76,100
39922474,11:5:22:474,47.76,100
39922474,11:5:22:474,47.76,200
39922474,11:5:22:474,47.76,100
39922474,11:5:22:474,47.76,300
39922474,11:5:22:474,47.76,200
39922474,11:5:22:474,47.76,300
39922474,11:5:22:474,47.76,100
39922474,11:5:22:474,47.76,100
39922475,11:5:22:475,47.76,300
39922475,11:5:22:475,47.76,100
39922475,11:5:22:475,47.76,100
39922475,11:5:22:475,47.76,100
39922475,11:5:22:475,47.76,100
39922475,11:5:22:475,47.76,100
39922487,11:5:22:487,47.77,100
39922487,11:5:22:487,47.77,100
39922487,11:5:22:487,47.77,100
39922487,11:5:22:487,47.77,100
39922487,11:5:22:487,47.77,100
39922487,11:5:22:487,47.77,100
39922525,11:5:22:525,47.77,100
39922601,11:5:22:601,47.78,100
39922605,11:5:22:605,47.78,100
39924089,11:5:24:89,47.77,100
39924093,11:5:24:93,47.77,100
39943970,11:5:43:970,47.77,100
39943970,11:5:43:970,47.77,100
39943970,11:5:43:970,47.77,100
39949007,11:5:49:7,47.77,100
39952122,11:5:52:122,47.77,200
39952303,11:5:52:303,47.77,200
39952317,11:5:52:317,47.77,200
39955978,11:5:55:978,47.76,64
39960237,11:6:0:237,47.765,500
39960242,11:6:0:242,47.765,600
39960253,11:6:0:253,47.765,200
39960256,11:6:0:256,47.765,200
39960257,11:6:0:257,47.77,100
39960263,11:6:0:263,47.765,200
39960267,11:6:0:267,47.765,200
39960269,11:6:0:269,47.765,200
39960274,11:6:0:274,47.765,200
39960287,11:6:0:287,47.765,200
39960295,11:6:0:295,47.765,300
39960295,11:6:0:295,47.765,200
39960398,11:6:0:398,47.765,200
39960414,11:6:0:414,47.765,200
39962028,11:6:2:28,47.76,100
39964376,11:6:4:376,47.76,100
39972626,11:6:12:626,47.77,100
39976378,11:6:16:378,47.76,100
39976378,11:6:16:378,47.76,100
39976378,11:6:16:378,47.765,1
39976378,11:6:16:378,47.76,300
39976378,11:6:16:378,47.76,400
39976378,11:6:16:378,47.76,636
39976378,11:6:16:378,47.76,100
39976378,11:6:16:378,47.76,736
39976379,11:6:16:379,47.76,364
39976387,11:6:16:387,47.765,300
39976406,11:6:16:406,47.77,100
39976518,11:6:16:518,47.76,400
39976530,11:6:16:530,47.77,100
39978444,11:6:18:444,47.76,200
39978444,11:6:18:444,47.76,500
39978852,11:6:18:852,47.76,400
39984011,11:6:24:11,47.765,300
39984012,11:6:24:12,47.765,300
39984013,11:6:24:13,47.77,300
39984015,11:6:24:15,47.77,300
39984029,11:6:24:29,47.77,100
39984037,11:6:24:37,47.765,100
39984720,11:6:24:720,47.765,300
39984722,11:6:24:722,47.77,100
39984743,11:6:24:743,47.77,100
39986295,11:6:26:295,47.77,100
39986297,11:6:26:297,47.77,300
39988021,11:6:28:21,47.77,100
39992487,11:6:32:487,47.76,100
39992540,11:6:32:540,47.76,100
39995307,11:6:35:307,47.77,100
40003871,11:6:43:871,47.77,100
40003871,11:6:43:871,47.77,101
40004402,11:6:44:402,47.7611,200
40004536,11:6:44:536,47.77,100
40012721,11:6:52:721,47.78,100
40014033,11:6:54:33,47.78,100
40014254,11:6:54:254,47.78,100
40015630,11:6:55:630,47.78,100
40019430,11:6:59:430,47.78,100
40021793,11:7:1:793,47.78,100
40023029,11:7:3:29,47.78,100
40024565,11:7:4:565,47.78,100
40024566,11:7:4:566,47.78,100
40024566,11:7:4:566,47.78,200
40024566,11:7:4:566,47.78,101
40024566,11:7:4:566,47.78,100
40024566,11:7:4:566,47.78,100
40024566,11:7:4:566,47.78,200
40024566,11:7:4:566,47.78,100
40024571,11:7:4:571,47.78,100
40024571,11:7:4:571,47.78,100
40024579,11:7:4:579,47.78,100
40024588,11:7:4:588,47.78,100
40024588,11:7:4:588,47.78,100
40024588,11:7:4:588,47.78,100
40024588,11:7:4:588,47.78,100
40024588,11:7:4:588,47.78,100
40024588,11:7:4:588,47.78,100
40024588,11:7:4:588,47.78,100
40024589,11:7:4:589,47.78,100
40024589,11:7:4:589,47.78,100
40024589,11:7:4:589,47.78,100
40024589,11:7:4:589,47.78,100
40024590,11:7:4:590,47.78,100
40024590,11:7:4:590,47.78,100
40024593,11:7:4:593,47.79,90
40024595,11:7:4:595,47.78,100
40024595,11:7:4:595,47.78,100
40024595,11:7:4:595,47.78,100
40024595,11:7:4:595,47.78,100
40024595,11:7:4:595,47.78,100
40024720,11:7:4:720,47.78,50
40031265,11:7:11:265,47.77,100
40031266,11:7:11:266,47.77,100
40031269,11:7:11:269,47.77,100
40031269,11:7:11:269,47.77,100
40031271,11:7:11:271,47.77,50
40045499,11:7:25:499,47.78,100
40047515,11:7:27:515,47.78,100
40047516,11:7:27:516,47.78,1
40050102,11:7:30:102,47.78,200
40056870,11:7:36:870,47.78,200
40056870,11:7:36:870,47.78,100
40056870,11:7:36:870,47.78,100
40056870,11:7:36:870,47.78,500
40056871,11:7:36:871,47.78,100
40056871,11:7:36:871,47.78,100
40057374,11:7:37:374,47.78,100
40057379,11:7:37:379,47.78,100
40058095,11:7:38:95,47.77,200
40058097,11:7:38:97,47.77,200
40058116,11:7:38:116,47.77,100
40058117,11:7:38:117,47.77,100
40058117,11:7:38:117,47.77,100
40058117,11:7:38:117,47.77,13
40060154,11:7:40:154,47.78,100
40065412,11:7:45:412,47.76,100
40077830,11:7:57:830,47.77,200
40083096,11:8:3:96,47.78,100
40083096,11:8:3:96,47.77,100
40083096,11:8:3:96,47.78,200
40090162,11:8:10:162,47.77,100
40102174,11:8:22:174,47.78,100
40102174,11:8:22:174,47.78,700
40102174,11:8:22:174,47.78,100
40102174,11:8:22:174,47.78,100
40102174,11:8:22:174,47.78,400
40102174,11:8:22:174,47.78,300
40102175,11:8:22:175,47.78,200
40102175,11:8:22:175,47.78,100
40102175,11:8:22:175,47.78,200
40105255,11:8:25:255,47.77,100
40105255,11:8:25:255,47.77,100
40105255,11:8:25:255,47.77,100
40105255,11:8:25:255,47.77,200
40105256,11:8:25:256,47.77,100
40105256,11:8:25:256,47.77,50
40105256,11:8:25:256,47.77,50
40105418,11:8:25:418,47.76,202
40105419,11:8:25:419,47.76,100
40105424,11:8:25:424,47.75,2
40105441,11:8:25:441,47.7501,140
40105756,11:8:25:756,47.75,1
40106001,11:8:26:1,47.75,100
40106001,11:8:26:1,47.75,60
40106001,11:8:26:1,47.75,100
40106843,11:8:26:843,47.74,100
40106843,11:8:26:843,47.74,100
40106843,11:8:26:843,47.74,1
40106844,11:8:26:844,47.73,199
40106844,11:8:26:844,47.73,1
40106844,11:8:26:844,47.73,100
40106844,11:8:26:844,47.73,101
40120004,11:8:40:4,47.73,100
40120016,11:8:40:16,47.72,100
40120024,11:8:40:24,47.72,96
40125334,11:8:45:334,47.73,100
40125355,11:8:45:355,47.73,200
40125396,11:8:45:396,47.73,100
40125435,11:8:45:435,47.73,100
40125435,11:8:45:435,47.73,100
40125435,11:8:45:435,47.73,200
40125435,11:8:45:435,47.73,100
40125435,11:8:45:435,47.73,28
40125436,11:8:45:436,47.73,100
40125436,11:8:45:436,47.73,100
40125436,11:8:45:436,47.73,300
40125436,11:8:45:436,47.73,100
40125436,11:8:45:436,47.73,100
40125436,11:8:45:436,47.73,100
40125436,11:8:45:436,47.73,100
40125594,11:8:45:594,47.74,10
40132039,11:8:52:39,47.74,100
40132039,11:8:52:39,47.74,100
40132039,11:8:52:39,47.74,100
40132050,11:8:52:50,47.74,100
40132050,11:8:52:50,47.74,100
40138927,11:8:58:927,47.73,100
40138927,11:8:58:927,47.73,100
40138927,11:8:58:927,47.73,100
40138927,11:8:58:927,47.73,13
40138927,11:8:58:927,47.73,10
40138927,11:8:58:927,47.73,100
40138932,11:8:58:932,47.73,100
40138933,11:8:58:933,47.72,90
40138933,11:8:58:933,47.73,100
40141429,11:9:1:429,47.73,100
40141429,11:9:1:429,47.73,100
40141430,11:9:1:430,47.73,100
40142214,11:9:2:214,47.73,100
40142214,11:9:2:214,47.73,100
40142214,11:9:2:214,47.73,100
40142214,11:9:2:214,47.73,100
40142214,11:9:2:214,47.73,10
40142214,11:9:2:214,47.73,10
40145633,11:9:5:633,47.74,200
40148695,11:9:8:695,47.74,100
40157050,11:9:17:50,47.73,100
40157051,11:9:17:51,47.73,46
40166190,11:9:26:190,47.74,100
40166190,11:9:26:190,47.74,100
40166190,11:9:26:190,47.74,100
40166190,11:9:26:190,47.74,2
40166190,11:9:26:190,47.74,100
40166191,11:9:26:191,47.74,2
40166191,11:9:26:191,47.74,98
40166305,11:9:26:305,47.74,100
40168068,11:9:28:68,47.75,100
40168502,11:9:28:502,47.74,100
40168503,11:9:28:503,47.74,100
40168503,11:9:28:503,47.74,100
40168506,11:9:28:506,47.74,200
40168506,11:9:28:506,47.74,100
40168506,11:9:28:506,47.74,100
40168508,11:9:28:508,47.74,100
40168512,11:9:28:512,47.74,100
40168515,11:9:28:515,47.74,100
40168516,11:9:28:516,47.74,100
40168518,11:9:28:518,47.74,100
40168520,11:9:28:520,47.74,100
40168527,11:9:28:527,47.74,100
40168532,11:9:28:532,47.74,100
40172272,11:9:32:272,47.74,100
40175540,11:9:35:540,47.74,100
40175555,11:9:35:555,47.74,100
40175683,11:9:35:683,47.74,100
40175688,11:9:35:688,47.74,500
40195159,11:9:55:159,47.74,100
40195159,11:9:55:159,47.74,100
40195159,11:9:55:159,47.74,300
40195159,11:9:55:159,47.74,100
40195159,11:9:55:159,47.74,300
40195159,11:9:55:159,47.74,100
40195159,11:9:55:159,47.74,145
40195159,11:9:55:159,47.74,176
40195159,11:9:55:159,47.74,200
40195159,11:9:55:159,47.745,29
40195159,11:9:55:159,47.74,100
40195159,11:9:55:159,47.74,71
40195159,11:9:55:159,47.74,129
40195159,11:9:55:159,47.74,100
40195159,11:9:55:159,47.74,100
40195159,11:9:55:159,47.74,100
40195659,11:9:55:659,47.73,71
40195659,11:9:55:659,47.73,229
40195659,11:9:55:659,47.73,100
40195659,11:9:55:659,47.73,100
40195659,11:9:55:659,47.73,29
40195728,11:9:55:728,47.73,100
40195728,11:9:55:728,47.73,100
40195741,11:9:55:741,47.72,200
40195742,11:9:55:742,47.72,200
40198120,11:9:58:120,47.73,100
40198304,11:9:58:304,47.725,100
40198403,11:9:58:403,47.725,300
40198965,11:9:58:965,47.72,69
40200992,11:10:0:992,47.73,300
40206866,11:10:6:866,47.73,100
40206866,11:10:6:866,47.73,100
40214704,11:10:14:704,47.7543,100
40216593,11:10:16:593,47.73,100
40217962,11:10:17:962,47.73,100
40217962,11:10:17:962,47.73,100
40217962,11:10:17:962,47.73,150
40217962,11:10:17:962,47.73,100
40217962,11:10:17:962,47.73,300
40217962,11:10:17:962,47.73,50
40217962,11:10:17:962,47.73,50
40217962,11:10:17:962,47.73,50
40217962,11:10:17:962,47.73,100
40217962,11:10:17:962,47.73,100
40217962,11:10:17:962,47.73,168
40217962,11:10:17:962,47.73,16
40217962,11:10:17:962,47.73,100
40217964,11:10:17:964,47.74,600
40217965,11:10:17:965,47.74,100
40217991,11:10:17:991,47.73,100
40218002,11:10:18:2,47.74,200
40218002,11:10:18:2,47.74,200
40218003,11:10:18:3,47.74,200
40218003,11:10:18:3,47.74,100
40218003,11:10:18:3,47.74,100
40218003,11:10:18:3,47.74,100
40218003,11:10:18:3,47.74,100
40218003,11:10:18:3,47.74,100
40218153,11:10:18:153,47.73,100
40221740,11:10:21:740,47.7407,300
40258638,11:10:58:638,47.74,100
40258638,11:10:58:638,47.74,100
40258638,11:10:58:638,47.74,200
40258638,11:10:58:638,47.74,100
40258638,11:10:58:638,47.74,42
40258638,11:10:58:638,47.74,213
40258638,11:10:58:638,47.74,100
40258638,11:10:58:638,47.74,92
40258638,11:10:58:638,47.74,8
40258639,11:10:58:639,47.7425,100
40258639,11:10:58:639,47.745,150
40258640,11:10:58:640,47.745,100
40258641,11:10:58:641,47.745,100
40258642,11:10:58:642,47.745,200
40258650,11:10:58:650,47.745,100
40262840,11:11:2:840,47.74,100
40263287,11:11:3:287,47.74,100
40263293,11:11:3:293,47.74,100
40290988,11:11:30:988,47.73,100
40290988,11:11:30:988,47.73,100
40290989,11:11:30:989,47.74,100
40290998,11:11:30:998,47.74,200
40324433,11:12:4:433,47.73,100
40324433,11:12:4:433,47.73,100
40324433,11:12:4:433,47.74,27
40324433,11:12:4:433,47.73,172
40324434,11:12:4:434,47.73,100
40324434,11:12:4:434,47.73,40
40324434,11:12:4:434,47.73,50
40324434,11:12:4:434,47.73,8
40324434,11:12:4:434,47.73,42
40324435,11:12:4:435,47.74,100
40324436,11:12:4:436,47.74,100
40324447,11:12:4:447,47.74,200
40330004,11:12:10:4,47.74,2
