MsOfDay, Time,Price,Size
34201004,9:30:1:4,48.6,12881
34228652,9:30:28:652,48.59,8
34238287,9:30:38:287,48.58,34
34242538,9:30:42:538,48.57,100
34257044,9:30:57:44,48.57,100
34263021,9:31:3:21,48.54,100
34279746,9:31:19:746,48.61,10
34279746,9:31:19:746,48.61,40
34279746,9:31:19:746,48.61,40
34302764,9:31:42:764,48.5701,5
34302774,9:31:42:774,48.59,8
34302774,9:31:42:774,48.58,92
34309002,9:31:49:2,48.58,300
34309004,9:31:49:4,48.57,400
34309004,9:31:49:4,48.59,100
34309005,9:31:49:5,48.58,100
34309012,9:31:49:12,48.58,300
34309013,9:31:49:13,48.57,10
34309015,9:31:49:15,48.59,100
34309017,9:31:49:17,48.57,100
34309021,9:31:49:21,48.57,100
34309333,9:31:49:333,48.61,1
34309409,9:31:49:409,48.61,1
34323650,9:32:3:650,48.58,300
34325203,9:32:5:203,48.61,100
34325203,9:32:5:203,48.61,50
34325203,9:32:5:203,48.61,100
34325203,9:32:5:203,48.61,50
34325203,9:32:5:203,48.62,50
34325203,9:32:5:203,48.62,100
34325203,9:32:5:203,48.61,300
34325203,9:32:5:203,48.61,300
34325203,9:32:5:203,48.62,50
34349213,9:32:29:213,48.6096,1525
34355815,9:32:35:815,48.65,100
34355815,9:32:35:815,48.65,50
34355815,9:32:35:815,48.65,90
34355815,9:32:35:815,48.65,30
34355815,9:32:35:815,48.65,20
34355815,9:32:35:815,48.65,10
34355816,9:32:35:816,48.65,140
34355816,9:32:35:816,48.65,120
34357004,9:32:37:4,48.7,100
34357029,9:32:37:29,48.74,70
34373621,9:32:53:621,48.76,30
34394978,9:33:14:978,48.76,100
34418140,9:33:38:140,48.75,100
34418141,9:33:38:141,48.75,100
34418212,9:33:38:212,48.75,100
34429049,9:33:49:49,48.7215,61
34456232,9:34:16:232,48.74,100
34485145,9:34:45:145,48.73,100
34485153,9:34:45:153,48.71,400
34486513,9:34:46:513,48.75,28
34486513,9:34:46:513,48.75,100
34486513,9:34:46:513,48.75,100
34486513,9:34:46:513,48.75,100
34486513,9:34:46:513,48.75,7
34486515,9:34:46:515,48.75,72
34486516,9:34:46:516,48.76,100
34486516,9:34:46:516,48.76,100
34489189,9:34:49:189,48.74,100
34489189,9:34:49:189,48.74,100
34489189,9:34:49:189,48.74,100
34489191,9:34:49:191,48.71,100
34489191,9:34:49:191,48.71,100
34496653,9:34:56:653,48.7,3
34496653,9:34:56:653,48.7,13
34510356,9:35:10:356,48.74,184
34510366,9:35:10:366,48.73,400
34510367,9:35:10:367,48.73,180
34510441,9:35:10:441,48.75,2
34524917,9:35:24:917,48.735,19
34531535,9:35:31:535,48.7,1
34533968,9:35:33:968,48.7,18
34609018,9:36:49:18,48.72,100
34613292,9:36:53:292,48.75,1
34613292,9:36:53:292,48.75,100
34613292,9:36:53:292,48.75,100
34613292,9:36:53:292,48.75,100
34613292,9:36:53:292,48.75,100
34613294,9:36:53:294,48.75,200
34613294,9:36:53:294,48.75,100
34613296,9:36:53:296,48.72,200
34613300,9:36:53:300,48.75,10
34614059,9:36:54:59,48.7,5
34614059,9:36:54:59,48.7,95
34614059,9:36:54:59,48.7,100
34614059,9:36:54:59,48.7,5
34614060,9:36:54:60,48.73,100
34614060,9:36:54:60,48.74,100
34614230,9:36:54:230,48.7,100
34614230,9:36:54:230,48.7,100
34615333,9:36:55:333,48.7,100
34615333,9:36:55:333,48.69,100
34615596,9:36:55:596,48.71,97
34615604,9:36:55:604,48.71,100
34618014,9:36:58:14,48.69,120
34618015,9:36:58:15,48.7,80
34618015,9:36:58:15,48.69,100
34618015,9:36:58:15,48.7,20
34618015,9:36:58:15,48.69,80
34618015,9:36:58:15,48.69,20
34628497,9:37:8:497,48.71,100
34628497,9:37:8:497,48.71,100
34628497,9:37:8:497,48.71,100
34628499,9:37:8:499,48.69,200
34628503,9:37:8:503,48.71,301
34628505,9:37:8:505,48.69,100
34628507,9:37:8:507,48.69,100
34628508,9:37:8:508,48.7026,338
34628509,9:37:8:509,48.7314,100
34632582,9:37:12:582,48.68,100
34632582,9:37:12:582,48.68,100
34632784,9:37:12:784,48.68,100
34632784,9:37:12:784,48.68,100
34632784,9:37:12:784,48.68,95
34632785,9:37:12:785,48.68,105
34632787,9:37:12:787,48.68,100
34632929,9:37:12:929,48.67,100
34632929,9:37:12:929,48.67,100
34632929,9:37:12:929,48.67,25
34635508,9:37:15:508,48.7,100
34641317,9:37:21:317,48.7,100
34641317,9:37:21:317,48.7,100
34641318,9:37:21:318,48.7,50
34641318,9:37:21:318,48.7,38
34644481,9:37:24:481,48.7,200
34644486,9:37:24:486,48.71,29
34644486,9:37:24:486,48.71,100
34644486,9:37:24:486,48.71,100
34644486,9:37:24:486,48.71,5
34653453,9:37:33:453,48.71,221
34653453,9:37:33:453,48.71,21
34653453,9:37:33:453,48.71,125
34653453,9:37:33:453,48.71,33
34653453,9:37:33:453,48.71,50
34653453,9:37:33:453,48.71,50
34653459,9:37:33:459,48.71,574
34653460,9:37:33:460,48.71,100
34653462,9:37:33:462,48.71,574
34653473,9:37:33:473,48.71,288
34654206,9:37:34:206,48.66,48
34654206,9:37:34:206,48.66,100
34654206,9:37:34:206,48.66,100
34654206,9:37:34:206,48.65,52
34659225,9:37:39:225,48.66,50
34681142,9:38:1:142,48.68,88
34681143,9:38:1:143,48.68,12
34684015,9:38:4:15,48.69,1
34717387,9:38:37:387,48.67,20
34717387,9:38:37:387,48.67,80
34717387,9:38:37:387,48.68,100
34717387,9:38:37:387,48.67,100
34717388,9:38:37:388,48.68,100
34717388,9:38:37:388,48.67,100
34717388,9:38:37:388,48.67,100
34717389,9:38:37:389,48.66,100
34717390,9:38:37:390,48.66,100
34717390,9:38:37:390,48.67,100
34717394,9:38:37:394,48.67,100
34717396,9:38:37:396,48.68,30
34718536,9:38:38:536,48.65,16
34719393,9:38:39:393,48.65,84
34719398,9:38:39:398,48.65,100
34719402,9:38:39:402,48.65,100
34719407,9:38:39:407,48.66,100
34719408,9:38:39:408,48.68,100
34722089,9:38:42:89,48.65,100
34723399,9:38:43:399,48.67,100
34723399,9:38:43:399,48.67,100
34723401,9:38:43:401,48.67,100
34723401,9:38:43:401,48.67,100
34724102,9:38:44:102,48.64,100
34724102,9:38:44:102,48.64,100
34724102,9:38:44:102,48.64,100
34724104,9:38:44:104,48.64,100
34724104,9:38:44:104,48.64,100
34736461,9:38:56:461,48.63,100
34736464,9:38:56:464,48.62,100
34736466,9:38:56:466,48.61,157
34736466,9:38:56:466,48.62,43
34736471,9:38:56:471,48.61,200
34736490,9:38:56:490,48.63,100
34736493,9:38:56:493,48.63,20
34749679,9:39:9:679,48.65,10
34765687,9:39:25:687,48.66,100
34779084,9:39:39:84,48.62,100
34779084,9:39:39:84,48.62,20
34779084,9:39:39:84,48.62,80
34779084,9:39:39:84,48.62,200
34779084,9:39:39:84,48.62,100
34779084,9:39:39:84,48.61,8
34779088,9:39:39:88,48.61,100
34779113,9:39:39:113,48.63,100
34784561,9:39:44:561,48.599,200
34786679,9:39:46:679,48.59,86
34786680,9:39:46:680,48.59,14
34786680,9:39:46:680,48.59,86
34786715,9:39:46:715,48.6,86
34786715,9:39:46:715,48.6,14
34787099,9:39:47:99,48.58,100
34795412,9:39:55:412,48.59,100
34795774,9:39:55:774,48.61,1
34795776,9:39:55:776,48.62,100
34795776,9:39:55:776,48.62,100
34795776,9:39:55:776,48.62,100
34795776,9:39:55:776,48.62,100
34795776,9:39:55:776,48.62,100
34795778,9:39:55:778,48.62,100
34803910,9:40:3:910,48.61,10
34810179,9:40:10:179,48.65,31
34810179,9:40:10:179,48.65,49
34810179,9:40:10:179,48.66,100
34810941,9:40:10:941,48.62,4
34811292,9:40:11:292,48.62,100
34811292,9:40:11:292,48.61,100
34811292,9:40:11:292,48.61,100
34817305,9:40:17:305,48.64,100
34817305,9:40:17:305,48.64,100
34818366,9:40:18:366,48.64,100
34818463,9:40:18:463,48.66,100
34820021,9:40:20:21,48.66,100
34840747,9:40:40:747,48.67,100
34840747,9:40:40:747,48.67,100
34856181,9:40:56:181,48.66,20
34856733,9:40:56:733,48.66,20
34856739,9:40:56:739,48.65,49
34856739,9:40:56:739,48.65,51
34856739,9:40:56:739,48.65,100
34856741,9:40:56:741,48.64,600
34856745,9:40:56:745,48.63,20
34856746,9:40:56:746,48.63,20
34873866,9:41:13:866,48.6663,70
34906869,9:41:46:869,48.64,20
34906885,9:41:46:885,48.63,100
34906885,9:41:46:885,48.63,100
34906885,9:41:46:885,48.63,101
34906886,9:41:46:886,48.63,7
34906886,9:41:46:886,48.63,5
34907297,9:41:47:297,48.6,100
34913074,9:41:53:74,48.62,1
34925058,9:42:5:58,48.63,100
34932909,9:42:12:909,48.63,100
34932909,9:42:12:909,48.63,100
34932909,9:42:12:909,48.63,100
34943520,9:42:23:520,48.61,1
34951963,9:42:31:963,48.61,200
34951963,9:42:31:963,48.61,100
34951964,9:42:31:964,48.61,100
34951966,9:42:31:966,48.61,100
34951966,9:42:31:966,48.61,100
34951991,9:42:31:991,48.59,25
34953521,9:42:33:521,48.62,48
34984010,9:43:4:10,48.61,1
35019559,9:43:39:559,48.62,100
35019562,9:43:39:562,48.62,100
35019562,9:43:39:562,48.62,100
35019562,9:43:39:562,48.62,100
35019562,9:43:39:562,48.62,100
35019562,9:43:39:562,48.62,100
35019562,9:43:39:562,48.62,91
35019562,9:43:39:562,48.62,9
35019926,9:43:39:926,48.65,88
35019927,9:43:39:927,48.65,12
35019929,9:43:39:929,48.65,88
35019929,9:43:39:929,48.65,12
35024412,9:43:44:412,48.6397,20
35042604,9:44:2:604,48.6,52
35042606,9:44:2:606,48.6,100
35042608,9:44:2:608,48.59,100
35042614,9:44:2:614,48.65,40
35096789,9:44:56:789,48.62,15
35096789,9:44:56:789,48.62,85
35096789,9:44:56:789,48.62,100
35096789,9:44:56:789,48.62,100
35101691,9:45:1:691,48.62,10
35111287,9:45:11:287,48.67,100
35114373,9:45:14:373,48.67,100
35114374,9:45:14:374,48.67,100
35114415,9:45:14:415,48.67,12
35115708,9:45:15:708,48.6741,82
35118552,9:45:18:552,48.63,100
35130331,9:45:30:331,48.64,100
35130888,9:45:30:888,48.65,100
35130888,9:45:30:888,48.65,100
35130888,9:45:30:888,48.65,100
35130890,9:45:30:890,48.64,100
35130890,9:45:30:890,48.64,100
35130890,9:45:30:890,48.64,100
35130890,9:45:30:890,48.64,100
35130890,9:45:30:890,48.64,70
35130890,9:45:30:890,48.64,100
35130895,9:45:30:895,48.64,100
35133275,9:45:33:275,48.67,100
35178594,9:46:18:594,48.67,100
35179758,9:46:19:758,48.6436,2000
35179765,9:46:19:765,48.64,200
35197512,9:46:37:512,48.6401,1000
35197514,9:46:37:514,48.64,100
35197519,9:46:37:519,48.64,300
35213377,9:46:53:377,48.66,100
35213378,9:46:53:378,48.66,100
35213378,9:46:53:378,48.66,82
35213379,9:46:53:379,48.66,18
35213380,9:46:53:380,48.65,100
35213419,9:46:53:419,48.66,100
35213419,9:46:53:419,48.66,82
35213896,9:46:53:896,48.65,100
35213897,9:46:53:897,48.65,100
35216759,9:46:56:759,48.64,100
35217064,9:46:57:64,48.643,100
35238603,9:47:18:603,48.64,100
35258750,9:47:38:750,48.64,5
35260012,9:47:40:12,48.63,5
35261012,9:47:41:12,48.63,100
35261012,9:47:41:12,48.63,100
35261012,9:47:41:12,48.63,100
35275701,9:47:55:701,48.6399,222
35285678,9:48:5:678,48.62,41
35285678,9:48:5:678,48.62,100
35285678,9:48:5:678,48.63,100
35285678,9:48:5:678,48.62,59
35285680,9:48:5:680,48.63,19
35292455,9:48:12:455,48.62,5
35293813,9:48:13:813,48.64,100
35294512,9:48:14:512,48.64,100
35294512,9:48:14:512,48.64,100
35294513,9:48:14:513,48.64,100
35294513,9:48:14:513,48.64,100
35294513,9:48:14:513,48.64,100
35294515,9:48:14:515,48.64,100
35294929,9:48:14:929,48.63,100
35294929,9:48:14:929,48.63,100
35294929,9:48:14:929,48.63,100
35294929,9:48:14:929,48.63,100
35294929,9:48:14:929,48.63,100
35294929,9:48:14:929,48.63,100
35294929,9:48:14:929,48.63,100
35294929,9:48:14:929,48.63,100
35294930,9:48:14:930,48.63,100
35294931,9:48:14:931,48.62,100
35294931,9:48:14:931,48.62,100
35315518,9:48:35:518,48.62,100
35315571,9:48:35:571,48.63,100
35345330,9:49:5:330,48.63,100
35345331,9:49:5:331,48.63,100
35368295,9:49:28:295,48.64,100
35370435,9:49:30:435,48.64,13
35374414,9:49:34:414,48.62,100
35374414,9:49:34:414,48.62,500
35374414,9:49:34:414,48.62,138
35374414,9:49:34:414,48.62,245
35374414,9:49:34:414,48.62,100
35374414,9:49:34:414,48.62,150
35374414,9:49:34:414,48.62,88
35374414,9:49:34:414,48.62,300
35374414,9:49:34:414,48.62,400
35374414,9:49:34:414,48.62,17
35374415,9:49:34:415,48.62,12
35374415,9:49:34:415,48.62,50
35374415,9:49:34:415,48.62,88
35374415,9:49:34:415,48.62,12
35374415,9:49:34:415,48.62,100
35374416,9:49:34:416,48.61,300
35374417,9:49:34:417,48.61,100
35374417,9:49:34:417,48.61,100
35374418,9:49:34:418,48.6,100
35374515,9:49:34:515,48.6,69
35374813,9:49:34:813,48.59,100
35374813,9:49:34:813,48.59,200
35376460,9:49:36:460,48.59,3
35397635,9:49:57:635,48.59,100
35397635,9:49:57:635,48.59,100
35397635,9:49:57:635,48.59,100
35397635,9:49:57:635,48.59,2
35399782,9:49:59:782,48.6,10
35404026,9:50:4:26,48.6,34
35404027,9:50:4:27,48.6,66
35404027,9:50:4:27,48.6,100
35404027,9:50:4:27,48.6,6
35404028,9:50:4:28,48.61,100
35404057,9:50:4:57,48.61,200
35404063,9:50:4:63,48.62,100
35413033,9:50:13:33,48.63,100
35421999,9:50:21:999,48.63,84
35421999,9:50:21:999,48.63,100
35421999,9:50:21:999,48.63,100
35421999,9:50:21:999,48.63,100
35421999,9:50:21:999,48.63,16
35422009,9:50:22:9,48.63,100
35426306,9:50:26:306,48.63,100
35426306,9:50:26:306,48.63,100
35426565,9:50:26:565,48.64,100
35426565,9:50:26:565,48.64,100
35426565,9:50:26:565,48.64,200
35427983,9:50:27:983,48.65,100
35428204,9:50:28:204,48.63,100
35428204,9:50:28:204,48.63,100
35445262,9:50:45:262,48.62,100
35445262,9:50:45:262,48.62,100
35445262,9:50:45:262,48.62,100
35445262,9:50:45:262,48.62,100
35445262,9:50:45:262,48.62,100
35453352,9:50:53:352,48.6301,200
35465094,9:51:5:94,48.63,1
35466579,9:51:6:579,48.63,100
35466579,9:51:6:579,48.63,100
35466579,9:51:6:579,48.63,100
35468006,9:51:8:6,48.64,100
35488422,9:51:28:422,48.65,100
35490509,9:51:30:509,48.65,100
35490512,9:51:30:512,48.64,100
35498236,9:51:38:236,48.64,53
35521447,9:52:1:447,48.6538,1230
35534112,9:52:14:112,48.64,100
35536233,9:52:16:233,48.66,100
35538335,9:52:18:335,48.64,100
35548810,9:52:28:810,48.64,26
35548810,9:52:28:810,48.64,105
35548811,9:52:28:811,48.64,100
35548811,9:52:28:811,48.63,300
35548824,9:52:28:824,48.62,100
35548828,9:52:28:828,48.62,100
35548884,9:52:28:884,48.61,100
35570952,9:52:50:952,48.62,100
35570953,9:52:50:953,48.62,100
35570987,9:52:50:987,48.63,100
35570987,9:52:50:987,48.63,100
35570987,9:52:50:987,48.63,100
35570987,9:52:50:987,48.63,100
35570987,9:52:50:987,48.63,100
35570987,9:52:50:987,48.63,100
35570987,9:52:50:987,48.63,81
35570987,9:52:50:987,48.63,19
35578286,9:52:58:286,48.62,88
35578312,9:52:58:312,48.62,12
35578312,9:52:58:312,48.62,100
35579947,9:52:59:947,48.6,20
35579947,9:52:59:947,48.6,20
35603264,9:53:23:264,48.63,100
35603264,9:53:23:264,48.63,8
35611715,9:53:31:715,48.64,100
35628582,9:53:48:582,48.62,100
35659675,9:54:19:675,48.63,100
35659677,9:54:19:677,48.63,400
35659677,9:54:19:677,48.63,200
35659678,9:54:19:678,48.63,100
35659678,9:54:19:678,48.63,100
35659678,9:54:19:678,48.63,200
35664880,9:54:24:880,48.62,30
35667909,9:54:27:909,48.62,100
35667909,9:54:27:909,48.62,101
35667910,9:54:27:910,48.62,100
35667910,9:54:27:910,48.62,100
35667913,9:54:27:913,48.61,1
35674508,9:54:34:508,48.61,100
35676769,9:54:36:769,48.62,300
35676769,9:54:36:769,48.62,100
35676769,9:54:36:769,48.62,100
35676769,9:54:36:769,48.62,100
35676769,9:54:36:769,48.62,100
35676769,9:54:36:769,48.62,100
35676770,9:54:36:770,48.62,86
35676770,9:54:36:770,48.61,4
35676770,9:54:36:770,48.62,4
35676770,9:54:36:770,48.63,100
35676775,9:54:36:775,48.63,400
35676776,9:54:36:776,48.63,9
35676777,9:54:36:777,48.64,100
35676777,9:54:36:777,48.64,200
35676777,9:54:36:777,48.64,100
35676779,9:54:36:779,48.65,100
35676779,9:54:36:779,48.65,100
35676779,9:54:36:779,48.65,91
35676779,9:54:36:779,48.65,9
35676779,9:54:36:779,48.655,100
35676779,9:54:36:779,48.655,100
35676779,9:54:36:779,48.655,100
35676779,9:54:36:779,48.66,100
35676781,9:54:36:781,48.66,100
35676781,9:54:36:781,48.66,100
35676781,9:54:36:781,48.66,100
35676789,9:54:36:789,48.65,100
35677009,9:54:37:9,48.67,100
35677016,9:54:37:16,48.67,100
35677019,9:54:37:19,48.67,100
35677020,9:54:37:20,48.67,100
35677047,9:54:37:47,48.67,200
35677047,9:54:37:47,48.67,100
35677047,9:54:37:47,48.67,10
35679234,9:54:39:234,48.66,100
35679234,9:54:39:234,48.66,100
35679235,9:54:39:235,48.66,53
35679235,9:54:39:235,48.66,47
35679346,9:54:39:346,48.66,200
35679346,9:54:39:346,48.66,100
35679346,9:54:39:346,48.66,100
35679346,9:54:39:346,48.66,100
35679346,9:54:39:346,48.66,100
35679346,9:54:39:346,48.66,100
35679347,9:54:39:347,48.67,100
35679347,9:54:39:347,48.67,100
35679348,9:54:39:348,48.68,100
35679348,9:54:39:348,48.68,73
35679348,9:54:39:348,48.68,27
35679495,9:54:39:495,48.68,300
35679538,9:54:39:538,48.68,500
35679832,9:54:39:832,48.67,100
35679832,9:54:39:832,48.67,100
35692229,9:54:52:229,48.63,100
35693606,9:54:53:606,48.61,100
35693611,9:54:53:611,48.6,100
35693614,9:54:53:614,48.6,27
35693698,9:54:53:698,48.59,100
35693699,9:54:53:699,48.59,200
35693699,9:54:53:699,48.6,54
35693699,9:54:53:699,48.6,19
35693699,9:54:53:699,48.6,50
35724607,9:55:24:607,48.61,5
35727630,9:55:27:630,48.61,100
35727630,9:55:27:630,48.61,100
35727630,9:55:27:630,48.61,100
35727631,9:55:27:631,48.61,20
35746768,9:55:46:768,48.62,10
35766745,9:56:6:745,48.6,100
35766746,9:56:6:746,48.6,2
35766746,9:56:6:746,48.6,98
35774045,9:56:14:45,48.61,100
35774045,9:56:14:45,48.6,100
35774047,9:56:14:47,48.61,100
35774048,9:56:14:48,48.61,100
35774049,9:56:14:49,48.61,200
35774135,9:56:14:135,48.6,76
35791063,9:56:31:63,48.614,5
35794186,9:56:34:186,48.591,7
35817187,9:56:57:187,48.61,41
35817187,9:56:57:187,48.6,39
35817187,9:56:57:187,48.6,61
35818315,9:56:58:315,48.6,50
35818315,9:56:58:315,48.6,50
35818315,9:56:58:315,48.6,100
35818315,9:56:58:315,48.6,100
35818318,9:56:58:318,48.6,100
35818568,9:56:58:568,48.59,8
35874189,9:57:54:189,48.57,100
35874193,9:57:54:193,48.57,100
35874306,9:57:54:306,48.57,300
35874307,9:57:54:307,48.58,1
35874308,9:57:54:308,48.57,100
35874308,9:57:54:308,48.57,99
35874308,9:57:54:308,48.57,1
35874352,9:57:54:352,48.56,500
35874354,9:57:54:354,48.56,100
35874354,9:57:54:354,48.56,75
35874354,9:57:54:354,48.56,25
35874354,9:57:54:354,48.56,75
35874354,9:57:54:354,48.56,25
35874566,9:57:54:566,48.58,100
35874566,9:57:54:566,48.58,100
35874566,9:57:54:566,48.58,100
35874566,9:57:54:566,48.58,100
35874566,9:57:54:566,48.58,100
35874566,9:57:54:566,48.56,100
35874566,9:57:54:566,48.58,100
35883549,9:58:3:549,48.59,100
35883550,9:58:3:550,48.59,200
35883550,9:58:3:550,48.59,100
35884323,9:58:4:323,48.5822,247
35885870,9:58:5:870,48.6,10
35885957,9:58:5:957,48.57,100
35885957,9:58:5:957,48.57,100
35912853,9:58:32:853,48.57,100
35912854,9:58:32:854,48.58,100
35912859,9:58:32:859,48.57,100
35929479,9:58:49:479,48.57,19
35933457,9:58:53:457,48.57,31
35933457,9:58:53:457,48.57,81
35933457,9:58:53:457,48.57,19
35933457,9:58:53:457,48.57,100
35933918,9:58:53:918,48.5601,1
35935157,9:58:55:157,48.56,100
35935159,9:58:55:159,48.56,100
35935160,9:58:55:160,48.56,100
35935160,9:58:55:160,48.56,100
35936560,9:58:56:560,48.55,100
35936564,9:58:56:564,48.54,100
35936564,9:58:56:564,48.54,100
35941986,9:59:1:986,48.53,70
35943204,9:59:3:204,48.53,100
35952064,9:59:12:64,48.521,8
35970032,9:59:30:32,48.52,91
35974636,9:59:34:636,48.52,10
35974636,9:59:34:636,48.52,38
35974636,9:59:34:636,48.52,100
35974637,9:59:34:637,48.52,100
35974637,9:59:34:637,48.52,162
35974637,9:59:34:637,48.52,100
35974639,9:59:34:639,48.51,100
35977280,9:59:37:280,48.5,100
35983761,9:59:43:761,48.51,100
35983762,9:59:43:762,48.51,100
35983762,9:59:43:762,48.51,40
35987656,9:59:47:656,48.5,100
35988559,9:59:48:559,48.52,100
35988559,9:59:48:559,48.52,200
35988560,9:59:48:560,48.52,100
35988560,9:59:48:560,48.52,100
35988563,9:59:48:563,48.52,100
35988604,9:59:48:604,48.55,100
36002259,10:0:2:259,48.58,100
36002259,10:0:2:259,48.57,127
36002259,10:0:2:259,48.55,100
36002259,10:0:2:259,48.58,100
36002259,10:0:2:259,48.58,50
36002259,10:0:2:259,48.58,100
36002259,10:0:2:259,48.58,23
36002259,10:0:2:259,48.58,27
36002259,10:0:2:259,48.59,50
36002259,10:0:2:259,48.59,50
36002260,10:0:2:260,48.59,50
36017386,10:0:17:386,48.61,100
36018297,10:0:18:297,48.61,100
36020648,10:0:20:648,48.62,85
36027876,10:0:27:876,48.59,100
36027876,10:0:27:876,48.59,40
36027876,10:0:27:876,48.59,60
36027876,10:0:27:876,48.59,110
36027876,10:0:27:876,48.59,100
36027876,10:0:27:876,48.59,100
36042871,10:0:42:871,48.58,100
36042872,10:0:42:872,48.57,100
36067366,10:1:7:366,48.54,100
36067664,10:1:7:664,48.54,200
36067665,10:1:7:665,48.54,1
36069374,10:1:9:374,48.55,100
36071064,10:1:11:64,48.56,87
36071066,10:1:11:66,48.56,13
36073325,10:1:13:325,48.56,100
36073328,10:1:13:328,48.56,100
36077846,10:1:17:846,48.54,100
36078141,10:1:18:141,48.54,26
36081865,10:1:21:865,48.6075,100
36081908,10:1:21:908,48.54,100
36086475,10:1:26:475,48.52,300
36086477,10:1:26:477,48.51,130
36086477,10:1:26:477,48.51,70
36086477,10:1:26:477,48.51,100
36086508,10:1:26:508,48.52,100
36109370,10:1:49:370,48.51,100
36121246,10:2:1:246,48.53,19
36121889,10:2:1:889,48.53,100
36121890,10:2:1:890,48.54,100
36121890,10:2:1:890,48.54,100
36121890,10:2:1:890,48.54,8
36121890,10:2:1:890,48.54,100
36121890,10:2:1:890,48.54,100
36121890,10:2:1:890,48.54,100
36121890,10:2:1:890,48.54,100
36121892,10:2:1:892,48.54,100
36121892,10:2:1:892,48.54,100
36121892,10:2:1:892,48.54,200
36123054,10:2:3:54,48.54,100
36127382,10:2:7:382,48.55,4
36134779,10:2:14:779,48.54,100
36136966,10:2:16:966,48.55,100
36136966,10:2:16:966,48.55,100
36136966,10:2:16:966,48.55,24
36136966,10:2:16:966,48.55,100
36136966,10:2:16:966,48.55,337
36136967,10:2:16:967,48.55,100
36136967,10:2:16:967,48.55,39
36136967,10:2:16:967,48.56,100
36136967,10:2:16:967,48.56,100
36136968,10:2:16:968,48.56,100
36136968,10:2:16:968,48.56,100
36136968,10:2:16:968,48.55,100
36138106,10:2:18:106,48.56,100
36138712,10:2:18:712,48.56,100
36158194,10:2:38:194,48.55,300
36170454,10:2:50:454,48.56,31
36181470,10:3:1:470,48.55,100
36181472,10:3:1:472,48.55,300
36181473,10:3:1:473,48.55,100
36181473,10:3:1:473,48.55,100
36181473,10:3:1:473,48.55,100
36181473,10:3:1:473,48.55,300
36181473,10:3:1:473,48.55,100
36181621,10:3:1:621,48.52,100
36211817,10:3:31:817,48.5386,100
36212263,10:3:32:263,48.52,100
36212263,10:3:32:263,48.52,100
36212263,10:3:32:263,48.52,100
36212264,10:3:32:264,48.51,200
36212265,10:3:32:265,48.51,1
36212408,10:3:32:408,48.5,75
36212408,10:3:32:408,48.49,25
36234096,10:3:54:96,48.49,444
36234223,10:3:54:223,48.4901,300
36241674,10:4:1:674,48.5,100
36241675,10:4:1:675,48.49,100
36241675,10:4:1:675,48.49,100
36241675,10:4:1:675,48.49,100
36241701,10:4:1:701,48.49,100
36241790,10:4:1:790,48.48,100
36241794,10:4:1:794,48.47,100
36241794,10:4:1:794,48.47,100
36241820,10:4:1:820,48.48,100
36241839,10:4:1:839,48.48,100
36241873,10:4:1:873,48.48,100
36243781,10:4:3:781,48.43,1157
36244689,10:4:4:689,48.45,72
36244689,10:4:4:689,48.45,28
36244700,10:4:4:700,48.45,100
36248213,10:4:8:213,48.45,100
36253441,10:4:13:441,48.4499,100
36256103,10:4:16:103,48.45,100
36256103,10:4:16:103,48.45,100
36256104,10:4:16:104,48.45,100
36256106,10:4:16:106,48.46,29
36256107,10:4:16:107,48.46,29
36256131,10:4:16:131,48.46,100
36256131,10:4:16:131,48.46,100
36256131,10:4:16:131,48.46,100
36256131,10:4:16:131,48.46,100
36256142,10:4:16:142,48.45,200
36256142,10:4:16:142,48.45,100
36256143,10:4:16:143,48.45,100
36256167,10:4:16:167,48.45,100
36256199,10:4:16:199,48.46,100
36256215,10:4:16:215,48.45,100
36257111,10:4:17:111,48.45,100
36262407,10:4:22:407,48.44,76
36262704,10:4:22:704,48.44,100
36262704,10:4:22:704,48.44,16
36262704,10:4:22:704,48.44,84
36262704,10:4:22:704,48.44,7
36262704,10:4:22:704,48.44,93
36262704,10:4:22:704,48.45,100
36262704,10:4:22:704,48.44,10
36262704,10:4:22:704,48.44,90
36262704,10:4:22:704,48.44,10
36262705,10:4:22:705,48.43,100
36262705,10:4:22:705,48.43,100
36262705,10:4:22:705,48.43,100
36262706,10:4:22:706,48.43,143
36262706,10:4:22:706,48.43,43
36262706,10:4:22:706,48.43,57
36262706,10:4:22:706,48.43,57
36262741,10:4:22:741,48.43,100
36276908,10:4:36:908,48.42,100
36276908,10:4:36:908,48.41,100
36303243,10:5:3:243,48.43,4
36309175,10:5:9:175,48.44,100
36309175,10:5:9:175,48.44,100
36309176,10:5:9:176,48.44,143
36309176,10:5:9:176,48.44,57
36309176,10:5:9:176,48.44,96
36309176,10:5:9:176,48.44,4
36309176,10:5:9:176,48.44,43
36309176,10:5:9:176,48.44,57
36309176,10:5:9:176,48.44,100
36309178,10:5:9:178,48.45,70
36309179,10:5:9:179,48.45,130
36309179,10:5:9:179,48.45,96
36309179,10:5:9:179,48.45,4
36309181,10:5:9:181,48.45,100
36309181,10:5:9:181,48.45,100
36309183,10:5:9:183,48.45,50
36310120,10:5:10:120,48.46,100
36310120,10:5:10:120,48.46,71
36310121,10:5:10:121,48.46,100
36310952,10:5:10:952,48.47,100
36315620,10:5:15:620,48.48,100
36321510,10:5:21:510,48.49,100
36321928,10:5:21:928,48.49,100
36333251,10:5:33:251,48.48,100
36333251,10:5:33:251,48.48,100
36333251,10:5:33:251,48.48,200
36333252,10:5:33:252,48.48,100
36333393,10:5:33:393,48.48,100
36333393,10:5:33:393,48.48,100
36339712,10:5:39:712,48.48,10
36339712,10:5:39:712,48.48,90
36339712,10:5:39:712,48.48,100
36339712,10:5:39:712,48.48,100
36339712,10:5:39:712,48.48,100
36339745,10:5:39:745,48.49,100
36341597,10:5:41:597,48.49,100
36341597,10:5:41:597,48.49,45
36341597,10:5:41:597,48.49,12
36341597,10:5:41:597,48.49,55
36371921,10:6:11:921,48.51,9
36372185,10:6:12:185,48.51,91
36372185,10:6:12:185,48.51,100
36372185,10:6:12:185,48.51,9
36372185,10:6:12:185,48.51,91
36389934,10:6:29:934,48.52,1
36389935,10:6:29:935,48.52,1
36389936,10:6:29:936,48.52,67
36389936,10:6:29:936,48.52,98
36389936,10:6:29:936,48.52,33
36389936,10:6:29:936,48.52,1
36389940,10:6:29:940,48.53,1
36390325,10:6:30:325,48.54,100
36390325,10:6:30:325,48.54,100
36390325,10:6:30:325,48.54,150
36390326,10:6:30:326,48.54,50
36409291,10:6:49:291,48.58,100
36436871,10:7:16:871,48.57,100
36436872,10:7:16:872,48.57,100
36436872,10:7:16:872,48.57,100
36436872,10:7:16:872,48.57,100
36436872,10:7:16:872,48.57,100
36436872,10:7:16:872,48.57,100
36436912,10:7:16:912,48.56,25
36436912,10:7:16:912,48.56,100
36436912,10:7:16:912,48.56,183
36436913,10:7:16:913,48.55,100
36436978,10:7:16:978,48.55,100
36445017,10:7:25:17,48.55,7
36445017,10:7:25:17,48.55,93
36459393,10:7:39:393,48.5593,100
36464841,10:7:44:841,48.5599,100
36486213,10:8:6:213,48.56,100
36486213,10:8:6:213,48.56,53
36486214,10:8:6:214,48.56,100
36486215,10:8:6:215,48.56,10
36486215,10:8:6:215,48.56,37
36490545,10:8:10:545,48.57,100
36490545,10:8:10:545,48.57,100
36490545,10:8:10:545,48.57,100
36490545,10:8:10:545,48.57,100
36490545,10:8:10:545,48.57,100
36490619,10:8:10:619,48.58,100
36490619,10:8:10:619,48.58,100
36491001,10:8:11:1,48.59,100
36491046,10:8:11:46,48.6,10
36491238,10:8:11:238,48.6,100
36491238,10:8:11:238,48.6,100
36515743,10:8:35:743,48.61,100
36530419,10:8:50:419,48.6,300
36530420,10:8:50:420,48.6,100
36537443,10:8:57:443,48.595,100
36542317,10:9:2:317,48.59,300
36542317,10:9:2:317,48.59,100
36542317,10:9:2:317,48.59,100
36542317,10:9:2:317,48.59,100
36542318,10:9:2:318,48.59,100
36542318,10:9:2:318,48.59,100
36542318,10:9:2:318,48.59,100
36542322,10:9:2:322,48.58,1
36542323,10:9:2:323,48.58,100
36542795,10:9:2:795,48.57,100
36545540,10:9:5:540,48.58,29
36553785,10:9:13:785,48.58,100
36570018,10:9:30:18,48.56,7
36582900,10:9:42:900,48.58,100
36582900,10:9:42:900,48.58,100
36582900,10:9:42:900,48.58,100
36594257,10:9:54:257,48.59,11
36603485,10:10:3:485,48.59,9
36603485,10:10:3:485,48.59,96
36603485,10:10:3:485,48.59,91
36603485,10:10:3:485,48.59,4
36603485,10:10:3:485,48.59,9
36603494,10:10:3:494,48.59,300
36604057,10:10:4:57,48.59,48
36609247,10:10:9:247,48.59,52
36609249,10:10:9:249,48.59,13
36609249,10:10:9:249,48.59,48
36609249,10:10:9:249,48.59,39
36609252,10:10:9:252,48.59,87
36610818,10:10:10:818,48.6,100
36626661,10:10:26:661,48.6,100
36630366,10:10:30:366,48.6,184
36661080,10:11:1:80,48.6,16
36661080,10:11:1:80,48.61,84
36661081,10:11:1:81,48.61,100
36661117,10:11:1:117,48.61,100
36661117,10:11:1:117,48.61,100
36661119,10:11:1:119,48.61,100
36661119,10:11:1:119,48.61,10
36661119,10:11:1:119,48.61,10
36661119,10:11:1:119,48.61,100
36661119,10:11:1:119,48.61,10
36661119,10:11:1:119,48.61,100
36661119,10:11:1:119,48.61,100
36661119,10:11:1:119,48.61,10
36661119,10:11:1:119,48.61,100
36661119,10:11:1:119,48.61,10
36661119,10:11:1:119,48.61,50
36661148,10:11:1:148,48.63,100
36667167,10:11:7:167,48.63,61
36667167,10:11:7:167,48.63,22
36678169,10:11:18:169,48.63,100
36689313,10:11:29:313,48.61,301
36689313,10:11:29:313,48.61,100
36689313,10:11:29:313,48.61,99
36689313,10:11:29:313,48.61,100
36689313,10:11:29:313,48.61,100
36689313,10:11:29:313,48.61,100
36689313,10:11:29:313,48.61,200
36689313,10:11:29:313,48.61,1
36689316,10:11:29:316,48.6,80
36689316,10:11:29:316,48.59,100
36689316,10:11:29:316,48.59,100
36689317,10:11:29:317,48.59,100
36692962,10:11:32:962,48.5899,2
36693748,10:11:33:748,48.58,20
36700009,10:11:40:9,48.59,41
36719670,10:11:59:670,48.6,4
36719670,10:11:59:670,48.6,100
36719670,10:11:59:670,48.6,100
36719671,10:11:59:671,48.6,80
36719671,10:11:59:671,48.6,16
36724096,10:12:4:96,48.6,96
36724096,10:12:4:96,48.6,4
36724096,10:12:4:96,48.6,92
36724096,10:12:4:96,48.6,8
36726107,10:12:6:107,48.61,100
36760838,10:12:40:838,48.61,100
36761478,10:12:41:478,48.6,100
36761478,10:12:41:478,48.6,100
36761478,10:12:41:478,48.6,100
36761478,10:12:41:478,48.6,100
36761478,10:12:41:478,48.6,100
36761478,10:12:41:478,48.6,38
36761478,10:12:41:478,48.6,299
36761478,10:12:41:478,48.6,100
36761479,10:12:41:479,48.6,101
36761480,10:12:41:480,48.59,100
36761480,10:12:41:480,48.59,100
36761552,10:12:41:552,48.59,38
36761552,10:12:41:552,48.59,80
36763515,10:12:43:515,48.58,200
36763515,10:12:43:515,48.58,100
36763516,10:12:43:516,48.58,100
36763516,10:12:43:516,48.58,19
36768032,10:12:48:32,48.57,100
36776571,10:12:56:571,48.565,19
36776966,10:12:56:966,48.57,100
36776967,10:12:56:967,48.57,100
36776967,10:12:56:967,48.57,64
36776967,10:12:56:967,48.57,100
36776967,10:12:56:967,48.57,36
36778091,10:12:58:91,48.58,100
36778091,10:12:58:91,48.58,100
36778091,10:12:58:91,48.58,100
36788564,10:13:8:564,48.58,57
36790959,10:13:10:959,48.58,100
36790959,10:13:10:959,48.58,143
36790959,10:13:10:959,48.58,100
36791013,10:13:11:13,48.59,100
36791654,10:13:11:654,48.59,100
36795791,10:13:15:791,48.59,100
36801937,10:13:21:937,48.59,500
36801945,10:13:21:945,48.5861,500
36805839,10:13:25:839,48.59,100
36810929,10:13:30:929,48.59,100
36810990,10:13:30:990,48.59,3
36810990,10:13:30:990,48.59,97
36810990,10:13:30:990,48.59,15
36832252,10:13:52:252,48.6004,23
36838336,10:13:58:336,48.61,100
36838336,10:13:58:336,48.6,8
36840853,10:14:0:853,48.61,100
36840853,10:14:0:853,48.61,200
36840926,10:14:0:926,48.62,23
36844143,10:14:4:143,48.63,100
36846329,10:14:6:329,48.65,3
36857258,10:14:17:258,48.62,100
36857259,10:14:17:259,48.62,100
36857259,10:14:17:259,48.62,100
36857308,10:14:17:308,48.64,100
36862172,10:14:22:172,48.62,100
36862190,10:14:22:190,48.62,500
36862191,10:14:22:191,48.62,200
36874498,10:14:34:498,48.62,200
36878935,10:14:38:935,48.61,100
36881746,10:14:41:746,48.62,100
36881746,10:14:41:746,48.62,100
36881746,10:14:41:746,48.62,100
36881746,10:14:41:746,48.62,100
36881746,10:14:41:746,48.62,100
36881746,10:14:41:746,48.62,100
36881747,10:14:41:747,48.62,100
36881815,10:14:41:815,48.62,10
36881853,10:14:41:853,48.62,90
36881854,10:14:41:854,48.62,10
36881854,10:14:41:854,48.62,10
36884865,10:14:44:865,48.62,100
36887876,10:14:47:876,48.62,100
36889952,10:14:49:952,48.62,200
36890085,10:14:50:85,48.62,400
36890085,10:14:50:85,48.62,112
36890086,10:14:50:86,48.62,108
36890086,10:14:50:86,48.62,180
36890086,10:14:50:86,48.62,108
36890086,10:14:50:86,48.62,93
36890086,10:14:50:86,48.62,180
36890087,10:14:50:87,48.62,219
36890088,10:14:50:88,48.61,200
36890253,10:14:50:253,48.61,100
36890255,10:14:50:255,48.61,100
36890281,10:14:50:281,48.62,400
36890677,10:14:50:677,48.6,100
36890679,10:14:50:679,48.6,200
36890679,10:14:50:679,48.6,100
36890759,10:14:50:759,48.59,100
36890761,10:14:50:761,48.59,100
36890785,10:14:50:785,48.59,100
36894242,10:14:54:242,48.6,100
36896512,10:14:56:512,48.59,10
36896512,10:14:56:512,48.59,10
36896512,10:14:56:512,48.59,10
36896512,10:14:56:512,48.59,100
36896512,10:14:56:512,48.59,70
36896512,10:14:56:512,48.59,100
36897531,10:14:57:531,48.6,100
36898550,10:14:58:550,48.61,100
36898550,10:14:58:550,48.61,6
36899054,10:14:59:54,48.61,100
36904088,10:15:4:88,48.6,165
36904088,10:15:4:88,48.6,100
36904088,10:15:4:88,48.6,135
36904089,10:15:4:89,48.6,135
36904089,10:15:4:89,48.6,150
36904089,10:15:4:89,48.6,115
36904089,10:15:4:89,48.6,100
36904089,10:15:4:89,48.6,100
36904090,10:15:4:90,48.6,150
36904090,10:15:4:90,48.6,100
36904090,10:15:4:90,48.6,50
36904090,10:15:4:90,48.6,86
36904090,10:15:4:90,48.6,50
36904090,10:15:4:90,48.6,86
36904212,10:15:4:212,48.6,100
36904306,10:15:4:306,48.6,100
36905528,10:15:5:528,48.5791,100
36906628,10:15:6:628,48.59,100
36906760,10:15:6:760,48.59,100
36906794,10:15:6:794,48.59,78
36906839,10:15:6:839,48.59,100
36908172,10:15:8:172,48.59,170
36908175,10:15:8:175,48.59,100
36908175,10:15:8:175,48.59,100
36908175,10:15:8:175,48.59,19
36908175,10:15:8:175,48.59,81
36908175,10:15:8:175,48.59,19
36908181,10:15:8:181,48.59,100
36908368,10:15:8:368,48.57,100
36910464,10:15:10:464,48.57,100
36910466,10:15:10:466,48.56,100
36912689,10:15:12:689,48.56,100
36912806,10:15:12:806,48.56,15
36919936,10:15:19:936,48.57,100
36919936,10:15:19:936,48.57,100
36919936,10:15:19:936,48.56,85
36919936,10:15:19:936,48.57,200
36919936,10:15:19:936,48.57,100
36919936,10:15:19:936,48.57,90
36919937,10:15:19:937,48.57,100
36919937,10:15:19:937,48.57,10
36919938,10:15:19:938,48.57,100
36919951,10:15:19:951,48.57,100
36919992,10:15:19:992,48.58,200
36919992,10:15:19:992,48.58,100
36920006,10:15:20:6,48.57,200
36920667,10:15:20:667,48.58,200
36921518,10:15:21:518,48.57,100
36921518,10:15:21:518,48.57,10
36921519,10:15:21:519,48.57,90
36921520,10:15:21:520,48.57,110
36921521,10:15:21:521,48.57,10
36929385,10:15:29:385,48.55,200
36932264,10:15:32:264,48.55,200
36932265,10:15:32:265,48.55,100
36932265,10:15:32:265,48.55,10
36934583,10:15:34:583,48.53,100
36942246,10:15:42:246,48.54,100
36942246,10:15:42:246,48.54,50
36942352,10:15:42:352,48.53,100
36942353,10:15:42:353,48.53,100
36946342,10:15:46:342,48.54,10
36950224,10:15:50:224,48.54,100
36950224,10:15:50:224,48.54,90
36950371,10:15:50:371,48.54,100
36950371,10:15:50:371,48.54,100
36959228,10:15:59:228,48.54,500
36959228,10:15:59:228,48.54,500
36959228,10:15:59:228,48.54,10
36959228,10:15:59:228,48.54,100
36959228,10:15:59:228,48.54,200
36959228,10:15:59:228,48.54,300
36959228,10:15:59:228,48.54,14
36959228,10:15:59:228,48.54,300
36959279,10:15:59:279,48.54,100
36962821,10:16:2:821,48.54,100
36962823,10:16:2:823,48.54,100
36973986,10:16:13:986,48.5399,100
36977650,10:16:17:650,48.54,100
36977650,10:16:17:650,48.54,100
36977650,10:16:17:650,48.54,100
36977651,10:16:17:651,48.54,1
36991700,10:16:31:700,48.55,100
36991700,10:16:31:700,48.55,1
36991700,10:16:31:700,48.55,100
36991700,10:16:31:700,48.55,100
36991700,10:16:31:700,48.55,100
36993995,10:16:33:995,48.55,300
36993999,10:16:33:999,48.55,300
36997195,10:16:37:195,48.55,100
36997196,10:16:37:196,48.55,100
36997196,10:16:37:196,48.55,100
36997586,10:16:37:586,48.55,100
37000082,10:16:40:82,48.54,100
37013570,10:16:53:570,48.55,100
37014905,10:16:54:905,48.55,100
37014906,10:16:54:906,48.55,100
37014906,10:16:54:906,48.55,100
37014979,10:16:54:979,48.55,100
37023041,10:17:3:41,48.56,100
37023042,10:17:3:42,48.56,1
37024426,10:17:4:426,48.57,27
37045644,10:17:25:644,48.56,100
37045644,10:17:25:644,48.56,100
37045644,10:17:25:644,48.55,100
37045644,10:17:25:644,48.55,100
37061707,10:17:41:707,48.56,100
37085816,10:18:5:816,48.56,100
37087010,10:18:7:10,48.56,100
37087010,10:18:7:10,48.56,30
37087011,10:18:7:11,48.56,100
37087011,10:18:7:11,48.56,60
37087011,10:18:7:11,48.56,100
37087019,10:18:7:19,48.56,100
37094613,10:18:14:613,48.56,70
37094613,10:18:14:613,48.56,30
37094692,10:18:14:692,48.56,100
37094707,10:18:14:707,48.56,100
37101114,10:18:21:114,48.56,3
37101115,10:18:21:115,48.56,97
37101115,10:18:21:115,48.56,3
37101316,10:18:21:316,48.56,10
37101316,10:18:21:316,48.56,10
37104215,10:18:24:215,48.57,1
37114052,10:18:34:52,48.55,100
37114052,10:18:34:52,48.55,100
37114052,10:18:34:52,48.55,100
37114052,10:18:34:52,48.55,200
37114053,10:18:34:53,48.55,100
37114053,10:18:34:53,48.54,100
37114053,10:18:34:53,48.54,12
37114053,10:18:34:53,48.55,300
37114054,10:18:34:54,48.55,88
37114055,10:18:34:55,48.54,20
37114058,10:18:34:58,48.54,20
37114058,10:18:34:58,48.54,48
37114059,10:18:34:59,48.54,100
37114059,10:18:34:59,48.54,140
37114060,10:18:34:60,48.54,200
37114060,10:18:34:60,48.54,300
37114060,10:18:34:60,48.55,300
37114071,10:18:34:71,48.54,40
37114073,10:18:34:73,48.54,60
37114073,10:18:34:73,48.54,60
37114098,10:18:34:98,48.53,20
37114246,10:18:34:246,48.55,100
37115316,10:18:35:316,48.54,100
37122077,10:18:42:77,48.53,160
37122077,10:18:42:77,48.53,19
37122077,10:18:42:77,48.53,10
37122077,10:18:42:77,48.53,100
37122077,10:18:42:77,48.53,11
37122077,10:18:42:77,48.53,50
37122078,10:18:42:78,48.53,39
37139357,10:18:59:357,48.52,100
37139357,10:18:59:357,48.52,100
37139357,10:18:59:357,48.52,100
37139357,10:18:59:357,48.52,100
37139357,10:18:59:357,48.52,200
37139357,10:18:59:357,48.52,100
37139358,10:18:59:358,48.53,200
37139358,10:18:59:358,48.53,100
37139358,10:18:59:358,48.53,100
37139358,10:18:59:358,48.53,19
37139358,10:18:59:358,48.53,100
37139358,10:18:59:358,48.53,81
37139358,10:18:59:358,48.53,100
37139358,10:18:59:358,48.53,100
37140347,10:19:0:347,48.54,100
37145071,10:19:5:71,48.54,72
37145071,10:19:5:71,48.54,44
37145071,10:19:5:71,48.54,8
37145071,10:19:5:71,48.54,100
37145071,10:19:5:71,48.54,56
37145072,10:19:5:72,48.54,28
37147810,10:19:7:810,48.54,100
37148620,10:19:8:620,48.54,100
37157519,10:19:17:519,48.55,100
37169755,10:19:29:755,48.55,100
37170022,10:19:30:22,48.53,21
37170832,10:19:30:832,48.5458,25
37180669,10:19:40:669,48.53,69
37191311,10:19:51:311,48.55,100
37191312,10:19:51:312,48.55,87
37191312,10:19:51:312,48.55,13
37199020,10:19:59:20,48.56,100
37199020,10:19:59:20,48.56,100
37202366,10:20:2:366,48.54,100
37202367,10:20:2:367,48.54,100
37202367,10:20:2:367,48.54,100
37205403,10:20:5:403,48.54,100
37211475,10:20:11:475,48.548,100
37212829,10:20:12:829,48.55,100
37221202,10:20:21:202,48.55,100
37221202,10:20:21:202,48.55,100
37221203,10:20:21:203,48.55,24
37222309,10:20:22:309,48.55,24
37225665,10:20:25:665,48.55,100
37225670,10:20:25:670,48.55,36
37225672,10:20:25:672,48.55,18
37225672,10:20:25:672,48.55,1
37230493,10:20:30:493,48.55,100
37235059,10:20:35:59,48.56,100
37256648,10:20:56:648,48.55,4
37256649,10:20:56:649,48.56,96
37256649,10:20:56:649,48.56,4
37256649,10:20:56:649,48.56,100
37256649,10:20:56:649,48.56,100
37256649,10:20:56:649,48.56,100
37256649,10:20:56:649,48.56,100
37256649,10:20:56:649,48.56,100
37256649,10:20:56:649,48.56,100
37256765,10:20:56:765,48.56,100
37264038,10:21:4:38,48.57,64
37264039,10:21:4:39,48.57,36
37264039,10:21:4:39,48.57,100
37270671,10:21:10:671,48.58,100
37270704,10:21:10:704,48.58,30
37273817,10:21:13:817,48.58,100
37275819,10:21:15:819,48.59,100
37275862,10:21:15:862,48.58,100
37285056,10:21:25:56,48.5804,21
37287251,10:21:27:251,48.57,100
37287252,10:21:27:252,48.57,300
37287252,10:21:27:252,48.57,100
37287252,10:21:27:252,48.57,100
37287252,10:21:27:252,48.56,13
37287252,10:21:27:252,48.56,12
37287253,10:21:27:253,48.57,21
37287253,10:21:27:253,48.56,79
37287253,10:21:27:253,48.56,75
37287253,10:21:27:253,48.56,100
37287253,10:21:27:253,48.56,12
37287253,10:21:27:253,48.56,13
37287253,10:21:27:253,48.56,75
37287253,10:21:27:253,48.56,21
37287508,10:21:27:508,48.55,100
37337917,10:22:17:917,48.56,40
37337918,10:22:17:918,48.56,100
37337919,10:22:17:919,48.56,100
37384006,10:23:4:6,48.56,41
37384006,10:23:4:6,48.56,22
37384006,10:23:4:6,48.56,100
37384007,10:23:4:7,48.56,19
37386637,10:23:6:637,48.56,100
37386637,10:23:6:637,48.56,100
37386637,10:23:6:637,48.56,178
37386637,10:23:6:637,48.56,100
37386689,10:23:6:689,48.57,100
37386690,10:23:6:690,48.57,100
37386690,10:23:6:690,48.57,100
37391148,10:23:11:148,48.58,100
37392378,10:23:12:378,48.58,100
37394419,10:23:14:419,48.58,100
37396419,10:23:16:419,48.58,100
37396419,10:23:16:419,48.58,100
37397770,10:23:17:770,48.58,100
37397832,10:23:17:832,48.58,100
37445576,10:24:5:576,48.5802,102
37446131,10:24:6:131,48.59,100
37446131,10:24:6:131,48.59,100
37446131,10:24:6:131,48.58,100
37446131,10:24:6:131,48.59,100
37448630,10:24:8:630,48.59,22
37448630,10:24:8:630,48.59,78
37450469,10:24:10:469,48.59,100
37453942,10:24:13:942,48.59,100
37453942,10:24:13:942,48.59,100
37453942,10:24:13:942,48.59,100
37453942,10:24:13:942,48.59,7
37453942,10:24:13:942,48.59,93
37453942,10:24:13:942,48.59,7
37478639,10:24:38:639,48.59,100
37480840,10:24:40:840,48.6,100
37504140,10:25:4:140,48.58,76
37504713,10:25:4:713,48.58,425
37504713,10:25:4:713,48.58,75
37504713,10:25:4:713,48.58,100
37504713,10:25:4:713,48.58,100
37504713,10:25:4:713,48.58,25
37504713,10:25:4:713,48.58,100
37504713,10:25:4:713,48.58,100
37504713,10:25:4:713,48.58,19
37504717,10:25:4:717,48.58,200
37505535,10:25:5:535,48.5566,100
37506620,10:25:6:620,48.58,100
37506630,10:25:6:630,48.58,100
37509038,10:25:9:38,48.58,100
37509038,10:25:9:38,48.58,100
37509038,10:25:9:38,48.58,18
37513232,10:25:13:232,48.57,100
37513232,10:25:13:232,48.57,100
37521939,10:25:21:939,48.58,100
37521939,10:25:21:939,48.58,100
37523601,10:25:23:601,48.58,100
37523602,10:25:23:602,48.58,100
37527497,10:25:27:497,48.5701,111
37528481,10:25:28:481,48.59,100
37533856,10:25:33:856,48.59,100
37533856,10:25:33:856,48.59,100
37533893,10:25:33:893,48.6,6
37533894,10:25:33:894,48.6,100
37548305,10:25:48:305,48.61,9
37548305,10:25:48:305,48.61,91
37548305,10:25:48:305,48.61,9
37548314,10:25:48:314,48.61,100
37560267,10:26:0:267,48.62,10
37585109,10:26:25:109,48.6,14
37590018,10:26:30:18,48.6,100
37590042,10:26:30:42,48.61,100
37592027,10:26:32:27,48.62,90
37592038,10:26:32:38,48.62,10
37624016,10:27:4:16,48.61,100
37624016,10:27:4:16,48.61,300
37624016,10:27:4:16,48.61,100
37624016,10:27:4:16,48.61,100
37624018,10:27:4:18,48.6,100
37624018,10:27:4:18,48.6,100
37624018,10:27:4:18,48.6,100
37624018,10:27:4:18,48.6,100
37624018,10:27:4:18,48.6,100
37624018,10:27:4:18,48.6,7
37624018,10:27:4:18,48.59,100
37636523,10:27:16:523,48.5985,100
37636578,10:27:16:578,48.59,100
37636579,10:27:16:579,48.59,56
37657088,10:27:37:88,48.6,60
37657088,10:27:37:88,48.6,40
37657088,10:27:37:88,48.6,60
37657089,10:27:37:89,48.6,100
37657089,10:27:37:89,48.6,100
37657089,10:27:37:89,48.6,100
37657089,10:27:37:89,48.6,140
37657089,10:27:37:89,48.6,100
37657089,10:27:37:89,48.6,100
37657089,10:27:37:89,48.6,100
37657091,10:27:37:91,48.6,100
37657091,10:27:37:91,48.6,100
37657091,10:27:37:91,48.6,10
37657091,10:27:37:91,48.6,10
37657091,10:27:37:91,48.6,10
37657092,10:27:37:92,48.6,70
37657148,10:27:37:148,48.6,100
37657886,10:27:37:886,48.61,1
37668458,10:27:48:458,48.6,44
37668459,10:27:48:459,48.59,100
37668459,10:27:48:459,48.59,100
37668459,10:27:48:459,48.59,19
37668459,10:27:48:459,48.59,114
37668459,10:27:48:459,48.59,100
37668459,10:27:48:459,48.59,100
37668459,10:27:48:459,48.59,5
37668459,10:27:48:459,48.59,2
37668460,10:27:48:460,48.6,100
37668460,10:27:48:460,48.59,100
37668462,10:27:48:462,48.59,100
37668509,10:27:48:509,48.59,100
37680025,10:28:0:25,48.59,2
37680129,10:28:0:129,48.59,10
37681130,10:28:1:130,48.59,8
37685121,10:28:5:121,48.59,81
37685121,10:28:5:121,48.59,1
37688021,10:28:8:21,48.6,100
37697840,10:28:17:840,48.6,100
37697843,10:28:17:843,48.6,2
37700335,10:28:20:335,48.61,100
37700335,10:28:20:335,48.61,200
37700498,10:28:20:498,48.59,100
37739030,10:28:59:30,48.61,73
37739030,10:28:59:30,48.61,27
37739039,10:28:59:39,48.61,9
37749313,10:29:9:313,48.61,19
37752508,10:29:12:508,48.61,100
37757144,10:29:17:144,48.61,100
37758867,10:29:18:867,48.61,100
37765483,10:29:25:483,48.61,13
37765483,10:29:25:483,48.61,87
37811382,10:30:11:382,48.62,100
37811404,10:30:11:404,48.61,54
37811404,10:30:11:404,48.61,46
37811405,10:30:11:405,48.61,2
37827716,10:30:27:716,48.62,200
37831443,10:30:31:443,48.62,100
37831695,10:30:31:695,48.6,507
37831695,10:30:31:695,48.6,100
37831696,10:30:31:696,48.6,100
37831696,10:30:31:696,48.6,75
37831696,10:30:31:696,48.6,100
37831696,10:30:31:696,48.6,100
37831696,10:30:31:696,48.6,25
37831696,10:30:31:696,48.6,95
37831696,10:30:31:696,48.6,100
37831696,10:30:31:696,48.6,5
37831696,10:30:31:696,48.6,19
37831696,10:30:31:696,48.6,1
37831696,10:30:31:696,48.6,100
37831696,10:30:31:696,48.6,73
37831696,10:30:31:696,48.6,100
37831696,10:30:31:696,48.6,7
37831696,10:30:31:696,48.6,20
37831696,10:30:31:696,48.6,85
37831696,10:30:31:696,48.6,307
37831696,10:30:31:696,48.6,200
37831696,10:30:31:696,48.6,27
37831696,10:30:31:696,48.6,81
37831698,10:30:31:698,48.59,400
37831699,10:30:31:699,48.59,100
37831699,10:30:31:699,48.58,100
37831700,10:30:31:700,48.58,34
37831700,10:30:31:700,48.58,100
37831701,10:30:31:701,48.58,66
37831701,10:30:31:701,48.58,100
37831701,10:30:31:701,48.58,100
37831701,10:30:31:701,48.58,100
37831703,10:30:31:703,48.58,100
37831721,10:30:31:721,48.58,19
37831726,10:30:31:726,48.6,100
37831727,10:30:31:727,48.6,100
37831751,10:30:31:751,48.58,100
37831804,10:30:31:804,48.57,100
37836851,10:30:36:851,48.57,100
37836851,10:30:36:851,48.57,19
37836851,10:30:36:851,48.57,10
37836851,10:30:36:851,48.57,71
37836851,10:30:36:851,48.57,129
37836851,10:30:36:851,48.57,306
37844330,10:30:44:330,48.56,100
37844330,10:30:44:330,48.56,100
37844330,10:30:44:330,48.56,200
37844330,10:30:44:330,48.56,100
37846886,10:30:46:886,48.565,200
37861538,10:31:1:538,48.57,100
37861538,10:31:1:538,48.57,100
37861538,10:31:1:538,48.57,100
37861538,10:31:1:538,48.57,100
37861538,10:31:1:538,48.57,100
37861538,10:31:1:538,48.57,100
37861538,10:31:1:538,48.57,100
37861558,10:31:1:558,48.57,100
37871239,10:31:11:239,48.58,28
37871239,10:31:11:239,48.58,72
37871725,10:31:11:725,48.58,100
37871726,10:31:11:726,48.58,100
37871726,10:31:11:726,48.575,100
37876578,10:31:16:578,48.58,100
37881101,10:31:21:101,48.58,100
37881101,10:31:21:101,48.58,100
37881101,10:31:21:101,48.58,100
37881101,10:31:21:101,48.58,100
37881101,10:31:21:101,48.58,7
37881101,10:31:21:101,48.58,100
37904769,10:31:44:769,48.6,100
37924558,10:32:4:558,48.6,100
37924558,10:32:4:558,48.6,100
37924559,10:32:4:559,48.6,14
37924559,10:32:4:559,48.6,10
37934913,10:32:14:913,48.61,100
37934926,10:32:14:926,48.61,200
37935120,10:32:15:120,48.62,63
37935120,10:32:15:120,48.62,200
37935120,10:32:15:120,48.62,100
37935121,10:32:15:121,48.62,37
37935197,10:32:15:197,48.63,100
37940129,10:32:20:129,48.64,100
37940130,10:32:20:130,48.64,100
37940135,10:32:20:135,48.64,5
37940137,10:32:20:137,48.64,95
37943447,10:32:23:447,48.65,94
37943455,10:32:23:455,48.65,100
37943457,10:32:23:457,48.65,100
37943458,10:32:23:458,48.66,100
37943459,10:32:23:459,48.66,100
37975868,10:32:55:868,48.67,1
37976053,10:32:56:53,48.68,1
37978115,10:32:58:115,48.67,100
37978115,10:32:58:115,48.67,100
37983295,10:33:3:295,48.69,100
38008502,10:33:28:502,48.67,57
38008502,10:33:28:502,48.67,100
38008503,10:33:28:503,48.67,43
38008503,10:33:28:503,48.67,14
38008503,10:33:28:503,48.67,100
38008503,10:33:28:503,48.67,100
38008503,10:33:28:503,48.67,363
38008503,10:33:28:503,48.67,100
38008503,10:33:28:503,48.67,100
38008503,10:33:28:503,48.67,100
38008503,10:33:28:503,48.67,22
38008503,10:33:28:503,48.67,100
38008503,10:33:28:503,48.67,78
38008503,10:33:28:503,48.67,19
38008503,10:33:28:503,48.67,100
38008503,10:33:28:503,48.67,100
38008503,10:33:28:503,48.67,100
38014717,10:33:34:717,48.66,100
38014717,10:33:34:717,48.66,100
38014717,10:33:34:717,48.66,100
38014717,10:33:34:717,48.66,100
38044281,10:34:4:281,48.66,12
38044282,10:34:4:282,48.66,88
38052773,10:34:12:773,48.66,100
38052773,10:34:12:773,48.66,10
38052773,10:34:12:773,48.66,100
38052775,10:34:12:775,48.66,200
38052775,10:34:12:775,48.66,100
38052775,10:34:12:775,48.66,10
38052775,10:34:12:775,48.66,100
38052775,10:34:12:775,48.66,100
38052775,10:34:12:775,48.66,100
38052775,10:34:12:775,48.66,100
38052775,10:34:12:775,48.66,100
38052776,10:34:12:776,48.66,200
38052777,10:34:12:777,48.66,100
38052777,10:34:12:777,48.66,100
38052778,10:34:12:778,48.66,100
38052778,10:34:12:778,48.66,100
38052779,10:34:12:779,48.66,90
38059204,10:34:19:204,48.65,100
38059204,10:34:19:204,48.65,100
38059204,10:34:19:204,48.65,100
38059204,10:34:19:204,48.65,100
38059205,10:34:19:205,48.65,8
38059205,10:34:19:205,48.65,92
38059205,10:34:19:205,48.65,2
38059205,10:34:19:205,48.65,1
38078768,10:34:38:768,48.64,100
38078768,10:34:38:768,48.64,100
38078768,10:34:38:768,48.64,100
38078769,10:34:38:769,48.64,1
38078769,10:34:38:769,48.64,100
38078816,10:34:38:816,48.63,100
38079102,10:34:39:102,48.63,100
38082913,10:34:42:913,48.62,100
38094010,10:34:54:10,48.62,100
38114064,10:35:14:64,48.63,57
38123633,10:35:23:633,48.625,1
38126446,10:35:26:446,48.62,100
38126446,10:35:26:446,48.62,100
38126446,10:35:26:446,48.62,100
38132659,10:35:32:659,48.6495,100
38136786,10:35:36:786,48.62,2
38152299,10:35:52:299,48.61,100
38152299,10:35:52:299,48.61,35
38152299,10:35:52:299,48.61,65
38152299,10:35:52:299,48.61,19
38152299,10:35:52:299,48.61,107
38152301,10:35:52:301,48.6,100
38152303,10:35:52:303,48.6,200
38152303,10:35:52:303,48.6,100
38152320,10:35:52:320,48.59,100
38152321,10:35:52:321,48.59,200
38152910,10:35:52:910,48.59,200
38153034,10:35:53:34,48.59,200
38153256,10:35:53:256,48.58,200
38153256,10:35:53:256,48.58,100
38153257,10:35:53:257,48.58,10
38154545,10:35:54:545,48.575,200
38155523,10:35:55:523,48.56,100
38155523,10:35:55:523,48.56,100
38157631,10:35:57:631,48.565,100
38158398,10:35:58:398,48.56,100
38159208,10:35:59:208,48.56,100
38159208,10:35:59:208,48.56,100
38159209,10:35:59:209,48.56,100
38159209,10:35:59:209,48.56,100
38159209,10:35:59:209,48.56,100
38159209,10:35:59:209,48.56,200
38159211,10:35:59:211,48.57,100
38159212,10:35:59:212,48.58,300
38159213,10:35:59:213,48.58,100
38159235,10:35:59:235,48.58,100
38159244,10:35:59:244,48.56,100
38161452,10:36:1:452,48.59,100
38176632,10:36:16:632,48.59,62
38176632,10:36:16:632,48.59,100
38176632,10:36:16:632,48.59,100
38176632,10:36:16:632,48.59,38
38176632,10:36:16:632,48.59,100
38176632,10:36:16:632,48.59,100
38176632,10:36:16:632,48.58,100
38176632,10:36:16:632,48.58,100
38176632,10:36:16:632,48.59,500
38176632,10:36:16:632,48.59,100
38176632,10:36:16:632,48.59,100
38176633,10:36:16:633,48.6,14
38176635,10:36:16:635,48.6,200
38176635,10:36:16:635,48.6,100
38181728,10:36:21:728,48.61,5
38199095,10:36:39:95,48.61,100
38202632,10:36:42:632,48.605,1
38219236,10:36:59:236,48.6,100
38219236,10:36:59:236,48.6,100
38219236,10:36:59:236,48.6,100
38219237,10:36:59:237,48.6,100
38222197,10:37:2:197,48.5963,98
38224670,10:37:4:670,48.6,100
38224670,10:37:4:670,48.6,50
38228957,10:37:8:957,48.61,50
38228957,10:37:8:957,48.61,50
38228957,10:37:8:957,48.61,100
38228957,10:37:8:957,48.61,101
38228957,10:37:8:957,48.61,100
38228959,10:37:8:959,48.62,171
38228959,10:37:8:959,48.62,29
38228959,10:37:8:959,48.62,71
38228959,10:37:8:959,48.62,29
38228959,10:37:8:959,48.62,100
38230106,10:37:10:106,48.62,10
38256035,10:37:36:35,48.63,17
38256036,10:37:36:36,48.63,20
38257463,10:37:37:463,48.62,100
38257467,10:37:37:467,48.61,100
38284400,10:38:4:400,48.63,21
38293832,10:38:13:832,48.625,100
38320573,10:38:40:573,48.62,200
38320573,10:38:40:573,48.62,100
38320574,10:38:40:574,48.62,100
38320574,10:38:40:574,48.62,100
38320574,10:38:40:574,48.62,200
38320696,10:38:40:696,48.61,31
38320696,10:38:40:696,48.61,69
38320696,10:38:40:696,48.61,100
38320696,10:38:40:696,48.61,1
38320696,10:38:40:696,48.61,100
38320696,10:38:40:696,48.61,19
38320696,10:38:40:696,48.61,100
38320696,10:38:40:696,48.61,100
38320698,10:38:40:698,48.6,100
38320698,10:38:40:698,48.6,100
38320703,10:38:40:703,48.59,100
38320964,10:38:40:964,48.6,100
38329630,10:38:49:630,48.6,1
38329857,10:38:49:857,48.6,100
38334502,10:38:54:502,48.59,100
38335923,10:38:55:923,48.59,100
38336988,10:38:56:988,48.58,100
38336988,10:38:56:988,48.58,100
38340771,10:39:0:771,48.57,47
38344150,10:39:4:150,48.57,57
38344150,10:39:4:150,48.57,43
38344150,10:39:4:150,48.57,100
38344150,10:39:4:150,48.57,29
38344150,10:39:4:150,48.57,28
38344150,10:39:4:150,48.57,150
38344150,10:39:4:150,48.57,72
38344153,10:39:4:153,48.58,100
38344153,10:39:4:153,48.58,100
38344153,10:39:4:153,48.58,100
38344153,10:39:4:153,48.58,100
38344156,10:39:4:156,48.57,100
38344159,10:39:4:159,48.57,200
38344168,10:39:4:168,48.58,100
38345415,10:39:5:415,48.5801,19
38351948,10:39:11:948,48.589,60
38353002,10:39:13:2,48.59,100
38353002,10:39:13:2,48.59,52
38353002,10:39:13:2,48.59,100
38353003,10:39:13:3,48.59,100
38354310,10:39:14:310,48.6,71
38354310,10:39:14:310,48.6,29
38354407,10:39:14:407,48.6,2
38356892,10:39:16:892,48.61,100
38358167,10:39:18:167,48.61,8
38358167,10:39:18:167,48.61,100
38358207,10:39:18:207,48.62,200
38365841,10:39:25:841,48.61,100
38365841,10:39:25:841,48.61,100
38370019,10:39:30:19,48.6,75
38370024,10:39:30:24,48.6,100
38370024,10:39:30:24,48.6,100
38370024,10:39:30:24,48.6,100
38380756,10:39:40:756,48.6,100
38380757,10:39:40:757,48.6,200
38385293,10:39:45:293,48.59,100
38385293,10:39:45:293,48.59,100
38385293,10:39:45:293,48.59,100
38385293,10:39:45:293,48.59,100
38385294,10:39:45:294,48.59,100
38385304,10:39:45:304,48.58,100
38391022,10:39:51:22,48.58,20
38406582,10:40:6:582,48.59,3
38406601,10:40:6:601,48.59,1
38406640,10:40:6:640,48.59,4
38406642,10:40:6:642,48.59,196
38407109,10:40:7:109,48.59,2
38407646,10:40:7:646,48.59,2
38408153,10:40:8:153,48.59,2
38408662,10:40:8:662,48.59,2
38408676,10:40:8:676,48.59,1
38409190,10:40:9:190,48.59,2
38409711,10:40:9:711,48.59,2
38410233,10:40:10:233,48.59,2
38410255,10:40:10:255,48.59,1
38410770,10:40:10:770,48.59,2
38411284,10:40:11:284,48.59,2
38411285,10:40:11:285,48.59,28
38411285,10:40:11:285,48.59,113
38411285,10:40:11:285,48.59,100
38411288,10:40:11:288,48.6,24
38411297,10:40:11:297,48.6,17
38411304,10:40:11:304,48.6,1
38412866,10:40:12:866,48.6,14
38425395,10:40:25:395,48.6,100
38430846,10:40:30:846,48.6,100
38430856,10:40:30:856,48.6,50
38454600,10:40:54:600,48.6,71
38454636,10:40:54:636,48.61,29
38455587,10:40:55:587,48.61,100
38455587,10:40:55:587,48.61,100
38455588,10:40:55:588,48.61,100
38456022,10:40:56:22,48.62,100
38456022,10:40:56:22,48.62,10
38456022,10:40:56:22,48.62,1
38456024,10:40:56:24,48.62,100
38456024,10:40:56:24,48.62,100
38458026,10:40:58:26,48.62,100
38468301,10:41:8:301,48.62,100
38468302,10:41:8:302,48.62,100
38468831,10:41:8:831,48.61,100
38468831,10:41:8:831,48.61,100
38468831,10:41:8:831,48.61,100
38468831,10:41:8:831,48.61,100
38468832,10:41:8:832,48.61,100
38468832,10:41:8:832,48.61,100
38468833,10:41:8:833,48.6,1
38470332,10:41:10:332,48.6,100
38482458,10:41:22:458,48.59,100
38482459,10:41:22:459,48.59,100
38482461,10:41:22:461,48.59,1
38490512,10:41:30:512,48.58,66
38490512,10:41:30:512,48.58,34
38490512,10:41:30:512,48.58,7
38492353,10:41:32:353,48.57,100
38492481,10:41:32:481,48.56,100
38492483,10:41:32:483,48.56,100
38505899,10:41:45:899,48.56,2
38509092,10:41:49:92,48.5599,13
38519413,10:41:59:413,48.56,200
38521334,10:42:1:334,48.56,1
38536486,10:42:16:486,48.5565,2
38537586,10:42:17:586,48.55,100
38537586,10:42:17:586,48.55,100
38537586,10:42:17:586,48.55,100
38537586,10:42:17:586,48.55,200
38537590,10:42:17:590,48.54,101
38550022,10:42:30:22,48.54,200
38550022,10:42:30:22,48.54,100
38550022,10:42:30:22,48.54,100
38550022,10:42:30:22,48.54,100
38550022,10:42:30:22,48.54,100
38550022,10:42:30:22,48.54,100
38550022,10:42:30:22,48.54,100
38550022,10:42:30:22,48.55,100
38550023,10:42:30:23,48.55,300
38550025,10:42:30:25,48.54,60
38550025,10:42:30:25,48.54,10
38550025,10:42:30:25,48.54,10
38550025,10:42:30:25,48.54,10
38550025,10:42:30:25,48.54,100
38550025,10:42:30:25,48.54,100
38550025,10:42:30:25,48.54,100
38550025,10:42:30:25,48.54,100
38550025,10:42:30:25,48.54,100
38550025,10:42:30:25,48.54,10
38550025,10:42:30:25,48.54,200
38550025,10:42:30:25,48.54,100
38550025,10:42:30:25,48.54,100
38550025,10:42:30:25,48.54,100
38550025,10:42:30:25,48.54,300
38550025,10:42:30:25,48.54,100
38550026,10:42:30:26,48.54,100
38550027,10:42:30:27,48.54,100
38550027,10:42:30:27,48.54,100
38550027,10:42:30:27,48.54,10
38550030,10:42:30:30,48.54,100
38550030,10:42:30:30,48.55,300
38550031,10:42:30:31,48.54,100
38550031,10:42:30:31,48.54,100
38550031,10:42:30:31,48.54,100
38550031,10:42:30:31,48.54,100
38550038,10:42:30:38,48.55,100
38550040,10:42:30:40,48.55,30
38550050,10:42:30:50,48.55,50
38550056,10:42:30:56,48.55,100
38550344,10:42:30:344,48.54,100
38550346,10:42:30:346,48.54,100
38558944,10:42:38:944,48.54,9
38562261,10:42:42:261,48.54,100
38569714,10:42:49:714,48.54,100
38569717,10:42:49:717,48.54,100
38569721,10:42:49:721,48.54,100
38569726,10:42:49:726,48.54,100
38569729,10:42:49:729,48.54,100
38569729,10:42:49:729,48.54,44
38569731,10:42:49:731,48.54,100
38571317,10:42:51:317,48.535,100
38573007,10:42:53:7,48.54,100
38573707,10:42:53:707,48.54,100
38573708,10:42:53:708,48.54,100
38573768,10:42:53:768,48.55,100
38573808,10:42:53:808,48.545,100
38573821,10:42:53:821,48.55,100
38578613,10:42:58:613,48.55,100
38578613,10:42:58:613,48.55,100
38578613,10:42:58:613,48.55,100
38578613,10:42:58:613,48.55,91
38578614,10:42:58:614,48.55,9
38578614,10:42:58:614,48.55,100
38578614,10:42:58:614,48.55,100
38578614,10:42:58:614,48.55,100
38584551,10:43:4:551,48.56,16
38587575,10:43:7:575,48.56,30
38594353,10:43:14:353,48.56,48
38594356,10:43:14:356,48.57,100
38594373,10:43:14:373,48.57,100
38594373,10:43:14:373,48.57,100
38594453,10:43:14:453,48.57,100
38594474,10:43:14:474,48.58,15
38596077,10:43:16:77,48.5799,100
38606421,10:43:26:421,48.57,100
38610220,10:43:30:220,48.59,18
38612028,10:43:32:28,48.59,100
38612029,10:43:32:29,48.58,100
38612029,10:43:32:29,48.58,100
38612030,10:43:32:30,48.58,100
38612030,10:43:32:30,48.58,100
38612030,10:43:32:30,48.58,100
38612030,10:43:32:30,48.58,100
38612030,10:43:32:30,48.58,100
38612154,10:43:32:154,48.58,100
38624647,10:43:44:647,48.575,100
38626057,10:43:46:57,48.57,100
38626057,10:43:46:57,48.575,100
38626057,10:43:46:57,48.575,100
38626057,10:43:46:57,48.57,100
38626057,10:43:46:57,48.57,100
38626057,10:43:46:57,48.57,100
38626058,10:43:46:58,48.575,100
38626059,10:43:46:59,48.575,100
38626181,10:43:46:181,48.57,100
38626582,10:43:46:582,48.57,100
38627533,10:43:47:533,48.575,100
38629569,10:43:49:569,48.58,100
38629569,10:43:49:569,48.58,100
38636991,10:43:56:991,48.58,60
38637331,10:43:57:331,48.58,100
38637331,10:43:57:331,48.58,100
38663739,10:44:23:739,48.6,18
38696375,10:44:56:375,48.6,8
38702097,10:45:2:97,48.6,9
38708342,10:45:8:342,48.595,100
38721621,10:45:21:621,48.59,100
38730811,10:45:30:811,48.6,8
38730811,10:45:30:811,48.6,100
38730811,10:45:30:811,48.6,83
38730811,10:45:30:811,48.6,100
38730811,10:45:30:811,48.6,100
38730811,10:45:30:811,48.6,100
38730817,10:45:30:817,48.6,100
38730900,10:45:30:900,48.6,100
38768007,10:46:8:7,48.6,7
38768007,10:46:8:7,48.6,1
38768965,10:46:8:965,48.61,100
38768968,10:46:8:968,48.6,401
38768968,10:46:8:968,48.6,100
38768968,10:46:8:968,48.6,100
38768968,10:46:8:968,48.6,100
38768968,10:46:8:968,48.6,100
38768968,10:46:8:968,48.6,99
38768968,10:46:8:968,48.6,1
38768972,10:46:8:972,48.6,200
38769629,10:46:9:629,48.6,100
38771212,10:46:11:212,48.6,100
38808999,10:46:48:999,48.5973,80
38819726,10:46:59:726,48.6,10
38819999,10:46:59:999,48.59,100
38828232,10:47:8:232,48.6,1
38829509,10:47:9:509,48.6,100
38829510,10:47:9:510,48.6,99
38829510,10:47:9:510,48.6,100
38829510,10:47:9:510,48.6,100
38829510,10:47:9:510,48.6,100
38829510,10:47:9:510,48.6,100
38829510,10:47:9:510,48.6,1
38852485,10:47:32:485,48.61,3
38860014,10:47:40:14,48.605,100
38877602,10:47:57:602,48.61,30
38886028,10:48:6:28,48.61,100
38886028,10:48:6:28,48.61,100
38886028,10:48:6:28,48.61,100
38886028,10:48:6:28,48.61,100
38886028,10:48:6:28,48.61,11
38886028,10:48:6:28,48.61,89
38886030,10:48:6:30,48.61,100
38886033,10:48:6:33,48.61,100
38890975,10:48:10:975,48.61,1
38890975,10:48:10:975,48.61,5
38890976,10:48:10:976,48.61,95
38890976,10:48:10:976,48.61,100
38890976,10:48:10:976,48.61,99
38890976,10:48:10:976,48.61,100
38890976,10:48:10:976,48.61,100
38890976,10:48:10:976,48.61,100
38917688,10:48:37:688,48.6,100
38917688,10:48:37:688,48.6,300
38917688,10:48:37:688,48.6,100
38917688,10:48:37:688,48.6,100
38917688,10:48:37:688,48.6,100
38917822,10:48:37:822,48.59,100
38917822,10:48:37:822,48.59,201
38917823,10:48:37:823,48.59,100
38917823,10:48:37:823,48.59,100
38917940,10:48:37:940,48.59,100
38924950,10:48:44:950,48.59,100
38940037,10:49:0:37,48.59,10
38953302,10:49:13:302,48.58,100
38953302,10:49:13:302,48.58,60
38953303,10:49:13:303,48.58,40
38953303,10:49:13:303,48.58,200
38953303,10:49:13:303,48.58,100
38953303,10:49:13:303,48.58,200
38953303,10:49:13:303,48.58,100
38953450,10:49:13:450,48.57,100
38964546,10:49:24:546,48.57,100
38964546,10:49:24:546,48.57,100
38964546,10:49:24:546,48.57,5
38964547,10:49:24:547,48.57,100
38964697,10:49:24:697,48.56,100
38964698,10:49:24:698,48.56,300
38964698,10:49:24:698,48.56,15
38964699,10:49:24:699,48.55,100
38964700,10:49:24:700,48.55,100
38964700,10:49:24:700,48.55,100
38964701,10:49:24:701,48.55,100
38964701,10:49:24:701,48.55,100
38964773,10:49:24:773,48.54,100
38964774,10:49:24:774,48.54,100
38964775,10:49:24:775,48.54,9
38964775,10:49:24:775,48.54,91
38970017,10:49:30:17,48.55,50
38975029,10:49:35:29,48.55,20
38981132,10:49:41:132,48.56,100
38981132,10:49:41:132,48.56,100
38981132,10:49:41:132,48.56,100
38981132,10:49:41:132,48.56,100
38981133,10:49:41:133,48.56,100
38981133,10:49:41:133,48.56,100
38981133,10:49:41:133,48.56,10
38981133,10:49:41:133,48.56,100
38981142,10:49:41:142,48.56,36
38981142,10:49:41:142,48.56,100
38986159,10:49:46:159,48.57,100
38986168,10:49:46:168,48.57,100
38989748,10:49:49:748,48.58,1
38989748,10:49:49:748,48.58,99
39002618,10:50:2:618,48.58,94
39002620,10:50:2:620,48.58,164
39002621,10:50:2:621,48.58,100
39002701,10:50:2:701,48.58,100
39002790,10:50:2:790,48.58,100
39002797,10:50:2:797,48.58,100
39002797,10:50:2:797,48.58,100
39002798,10:50:2:798,48.59,460
39002809,10:50:2:809,48.59,100
39002835,10:50:2:835,48.58,100
39004342,10:50:4:342,48.6,2
39029413,10:50:29:413,48.6,100
39029413,10:50:29:413,48.6,4
39029413,10:50:29:413,48.6,100
39029413,10:50:29:413,48.6,100
39029424,10:50:29:424,48.6,100
39029428,10:50:29:428,48.6,100
39042399,10:50:42:399,48.61,22
39058621,10:50:58:621,48.6,100
39059681,10:50:59:681,48.62,10
39075989,10:51:15:989,48.61,100
39079871,10:51:19:871,48.62,100
39092417,10:51:32:417,48.61,100
39096751,10:51:36:751,48.62,100
39096751,10:51:36:751,48.62,100
39096751,10:51:36:751,48.62,100
39096752,10:51:36:752,48.63,10
39096753,10:51:36:753,48.63,100
39096753,10:51:36:753,48.63,90
39096754,10:51:36:754,48.63,5
39096754,10:51:36:754,48.63,90
39099257,10:51:39:257,48.64,100
39099257,10:51:39:257,48.64,100
39099259,10:51:39:259,48.65,100
39099267,10:51:39:267,48.65,100
39099268,10:51:39:268,48.65,10
39099268,10:51:39:268,48.65,72
39099268,10:51:39:268,48.65,90
39099269,10:51:39:269,48.65,100
39099269,10:51:39:269,48.65,10
39099269,10:51:39:269,48.65,62
39099269,10:51:39:269,48.65,100
39099556,10:51:39:556,48.65,100
39121170,10:52:1:170,48.65,100
39121170,10:52:1:170,48.65,100
39121170,10:52:1:170,48.65,100
39121170,10:52:1:170,48.65,75
39121170,10:52:1:170,48.65,100
39121171,10:52:1:171,48.65,287
39121172,10:52:1:172,48.64,433
39121172,10:52:1:172,48.64,100
39121173,10:52:1:173,48.64,100
39134612,10:52:14:612,48.635,1
39158400,10:52:38:400,48.63,100
39158400,10:52:38:400,48.63,17
39158400,10:52:38:400,48.63,100
39158400,10:52:38:400,48.63,100
39158400,10:52:38:400,48.63,83
39158400,10:52:38:400,48.63,100
39158400,10:52:38:400,48.63,67
39158400,10:52:38:400,48.63,33
39158400,10:52:38:400,48.63,100
39158400,10:52:38:400,48.63,300
39158402,10:52:38:402,48.62,100
39158403,10:52:38:403,48.62,101
39158776,10:52:38:776,48.62,100
39162472,10:52:42:472,48.62,200
39162472,10:52:42:472,48.62,100
39162473,10:52:42:473,48.62,100
39172656,10:52:52:656,48.625,23
39172657,10:52:52:657,48.625,72
39189591,10:53:9:591,48.62,200
39189591,10:53:9:591,48.62,100
39189591,10:53:9:591,48.62,62
39189591,10:53:9:591,48.62,38
39189591,10:53:9:591,48.62,100
39189592,10:53:9:592,48.62,62
39189592,10:53:9:592,48.62,100
39189592,10:53:9:592,48.62,100
39189592,10:53:9:592,48.62,100
39189593,10:53:9:593,48.61,100
39189593,10:53:9:593,48.61,400
39189593,10:53:9:593,48.61,100
39189594,10:53:9:594,48.61,91
39189594,10:53:9:594,48.61,9
39189594,10:53:9:594,48.61,100
39189594,10:53:9:594,48.61,100
39189594,10:53:9:594,48.61,100
39189594,10:53:9:594,48.61,19
39189594,10:53:9:594,48.61,81
39189594,10:53:9:594,48.61,19
39189618,10:53:9:618,48.61,3
39189653,10:53:9:653,48.6,200
39194644,10:53:14:644,48.61,10
39205918,10:53:25:918,48.6,1
39216034,10:53:36:34,48.5901,98
39218631,10:53:38:631,48.6,100
39218632,10:53:38:632,48.6,100
39239375,10:53:59:375,48.59,100
39245246,10:54:5:246,48.61,12
39301227,10:55:1:227,48.61,100
39301227,10:55:1:227,48.61,100
39301227,10:55:1:227,48.61,85
39301227,10:55:1:227,48.61,100
39301227,10:55:1:227,48.605,100
39301227,10:55:1:227,48.61,100
39301227,10:55:1:227,48.61,90
39301227,10:55:1:227,48.61,100
39301229,10:55:1:229,48.62,100
39301229,10:55:1:229,48.62,100
39301230,10:55:1:230,48.62,62
39302449,10:55:2:449,48.63,76
39302453,10:55:2:453,48.63,200
39302589,10:55:2:589,48.63,100
39303215,10:55:3:215,48.63,100
39303248,10:55:3:248,48.635,81
39313861,10:55:13:861,48.64,100
39319174,10:55:19:174,48.63,100
39319174,10:55:19:174,48.63,100
39319174,10:55:19:174,48.63,62
39319174,10:55:19:174,48.63,100
39319174,10:55:19:174,48.63,200
39319174,10:55:19:174,48.63,6
39319174,10:55:19:174,48.63,94
39319296,10:55:19:296,48.63,5
39320064,10:55:20:64,48.62,200
39320065,10:55:20:65,48.62,100
39320107,10:55:20:107,48.62,19
39320107,10:55:20:107,48.62,100
39320107,10:55:20:107,48.62,81
39320107,10:55:20:107,48.62,19
39320474,10:55:20:474,48.61,100
39320474,10:55:20:474,48.61,100
39321258,10:55:21:258,48.6,20
39323368,10:55:23:368,48.6,200
39326285,10:55:26:285,48.6,300
39326285,10:55:26:285,48.6,100
39326522,10:55:26:522,48.6,100
39326522,10:55:26:522,48.6,100
39326522,10:55:26:522,48.6,9
39326838,10:55:26:838,48.6,60
39326838,10:55:26:838,48.6,40
39326838,10:55:26:838,48.6,191
39326838,10:55:26:838,48.6,100
39326838,10:55:26:838,48.6,100
39332304,10:55:32:304,48.61,200
39332304,10:55:32:304,48.61,100
39332331,10:55:32:331,48.611,100
39334911,10:55:34:911,48.61,100
39355765,10:55:55:765,48.62,100
39365334,10:56:5:334,48.61,200
39396246,10:56:36:246,48.61,100
39396246,10:56:36:246,48.61,25
39396246,10:56:36:246,48.61,46
39396247,10:56:36:247,48.61,50
39396247,10:56:36:247,48.61,5
39396247,10:56:36:247,48.61,100
39396247,10:56:36:247,48.61,100
39396247,10:56:36:247,48.615,100
39396254,10:56:36:254,48.62,100
39396261,10:56:36:261,48.61,100
39396297,10:56:36:297,48.61,100
39396315,10:56:36:315,48.61,200
39396378,10:56:36:378,48.61,100
39396612,10:56:36:612,48.61,100
39396612,10:56:36:612,48.61,100
39396612,10:56:36:612,48.61,100
39396916,10:56:36:916,48.61,100
39397247,10:56:37:247,48.61,10
39397315,10:56:37:315,48.61,100
39417622,10:56:57:622,48.61,100
39417622,10:56:57:622,48.61,100
39417622,10:56:57:622,48.61,100
39417623,10:56:57:623,48.61,100
39417623,10:56:57:623,48.62,500
39443289,10:57:23:289,48.63,100
39521570,10:58:41:570,48.62,669
39521570,10:58:41:570,48.62,32
39521570,10:58:41:570,48.62,100
39521571,10:58:41:571,48.62,100
39521571,10:58:41:571,48.62,100
39521571,10:58:41:571,48.62,50
39521571,10:58:41:571,48.62,50
39525104,10:58:45:104,48.62,20
39525104,10:58:45:104,48.62,80
39527162,10:58:47:162,48.62,100
39527842,10:58:47:842,48.62,100
39530649,10:58:50:649,48.62,49
39542074,10:59:2:74,48.611,18
39545431,10:59:5:431,48.62,2
39570018,10:59:30:18,48.61,95
39583377,10:59:43:377,48.62,100
39583377,10:59:43:377,48.62,200
39583377,10:59:43:377,48.62,100
39583382,10:59:43:382,48.62,187
39583384,10:59:43:384,48.62,800
39583384,10:59:43:384,48.62,100
39583384,10:59:43:384,48.62,100
39583384,10:59:43:384,48.62,70
39583384,10:59:43:384,48.62,100
39583384,10:59:43:384,48.62,100
39583384,10:59:43:384,48.62,100
39583384,10:59:43:384,48.62,10
39583384,10:59:43:384,48.62,100
39583384,10:59:43:384,48.62,10
39583385,10:59:43:385,48.62,10
39583385,10:59:43:385,48.62,200
39583395,10:59:43:395,48.62,1
39583402,10:59:43:402,48.62,13
39583404,10:59:43:404,48.62,86
39591065,10:59:51:65,48.62,100
39591378,10:59:51:378,48.611,5
39599167,10:59:59:167,48.61,100
39599167,10:59:59:167,48.61,100
39603529,11:0:3:529,48.615,20
39604568,11:0:4:568,48.62,1
39604568,11:0:4:568,48.62,99
39620854,11:0:20:854,48.62,100
39620854,11:0:20:854,48.62,100
39620854,11:0:20:854,48.62,205
39620854,11:0:20:854,48.62,12
39620854,11:0:20:854,48.62,100
39620854,11:0:20:854,48.62,100
39620854,11:0:20:854,48.62,100
39625859,11:0:25:859,48.63,100
39625862,11:0:25:862,48.63,107
39640722,11:0:40:722,48.64,7
39647716,11:0:47:716,48.64,93
39652382,11:0:52:382,48.64,100
39657100,11:0:57:100,48.64,100
39666196,11:1:6:196,48.63,100
39683997,11:1:23:997,48.633,25
39689347,11:1:29:347,48.64,100
39694624,11:1:34:624,48.63,100
39694624,11:1:34:624,48.63,68
39694624,11:1:34:624,48.63,200
39694625,11:1:34:625,48.63,400
39694625,11:1:34:625,48.63,42
39694625,11:1:34:625,48.63,100
39694625,11:1:34:625,48.63,58
39694626,11:1:34:626,48.63,92
39694626,11:1:34:626,48.63,8
39694917,11:1:34:917,48.62,100
39695601,11:1:35:601,48.62,100
39695602,11:1:35:602,48.62,8
39695602,11:1:35:602,48.62,100
39695602,11:1:35:602,48.62,10
39695602,11:1:35:602,48.62,4
39702178,11:1:42:178,48.62,82
39713354,11:1:53:354,48.61,100
39713356,11:1:53:356,48.61,300
39713356,11:1:53:356,48.61,100
39713356,11:1:53:356,48.61,100
39713357,11:1:53:357,48.61,100
39713357,11:1:53:357,48.61,100
39713357,11:1:53:357,48.61,100
39713357,11:1:53:357,48.61,100
39713357,11:1:53:357,48.61,100
39713357,11:1:53:357,48.61,100
39713357,11:1:53:357,48.61,100
39713357,11:1:53:357,48.61,32
39713358,11:1:53:358,48.6,100
39713358,11:1:53:358,48.6,100
39713358,11:1:53:358,48.6,100
39713358,11:1:53:358,48.6,3
39713358,11:1:53:358,48.6,100
39713360,11:1:53:360,48.6,18
39713369,11:1:53:369,48.6,100
39713370,11:1:53:370,48.6,82
39713371,11:1:53:371,48.6,18
39713371,11:1:53:371,48.6,82
39713474,11:1:53:474,48.61,100
39724131,11:2:4:131,48.61,100
39724131,11:2:4:131,48.61,16
39724132,11:2:4:132,48.61,84
39724132,11:2:4:132,48.61,100
39724132,11:2:4:132,48.61,100
39724139,11:2:4:139,48.61,100
39724248,11:2:4:248,48.61,100
39746996,11:2:26:996,48.61,200
39762419,11:2:42:419,48.61,100
39771752,11:2:51:752,48.62,400
39771752,11:2:51:752,48.62,100
39771753,11:2:51:753,48.61,1
39785181,11:3:5:181,48.62,73
39794399,11:3:14:399,48.61,100
39794399,11:3:14:399,48.61,100
39794490,11:3:14:490,48.61,100
39794490,11:3:14:490,48.61,300
39794490,11:3:14:490,48.61,100
39794490,11:3:14:490,48.61,100
39794490,11:3:14:490,48.61,100
39794490,11:3:14:490,48.61,100
39794490,11:3:14:490,48.61,100
39794490,11:3:14:490,48.61,20
39794490,11:3:14:490,48.61,100
39794490,11:3:14:490,48.61,80
39794490,11:3:14:490,48.61,20
39794491,11:3:14:491,48.61,100
39794491,11:3:14:491,48.6,68
39794491,11:3:14:491,48.6,32
39794495,11:3:14:495,48.6,100
39794495,11:3:14:495,48.6,100
39794496,11:3:14:496,48.6,100
39794496,11:3:14:496,48.6,1
39808096,11:3:28:96,48.59,20
39813085,11:3:33:85,48.59,100
39846023,11:4:6:23,48.59,200
39846104,11:4:6:104,48.59,17
39846411,11:4:6:411,48.59,83
39846411,11:4:6:411,48.59,10
39846413,11:4:6:413,48.58,100
39846769,11:4:6:769,48.58,100
39846780,11:4:6:780,48.58,100
39846780,11:4:6:780,48.58,104
39848851,11:4:8:851,48.59,100
39853272,11:4:13:272,48.59,100
39858420,11:4:18:420,48.58,100
39864983,11:4:24:983,48.59,100
39864984,11:4:24:984,48.59,100
39864984,11:4:24:984,48.59,100
39887657,11:4:47:657,48.6138,100
39895620,11:4:55:620,48.5865,200
39896479,11:4:56:479,48.58,100
39896481,11:4:56:481,48.58,100
39896481,11:4:56:481,48.58,100
39896485,11:4:56:485,48.58,100
39896485,11:4:56:485,48.58,20
39896485,11:4:56:485,48.58,100
39896485,11:4:56:485,48.58,20
39896485,11:4:56:485,48.58,80
39896495,11:4:56:495,48.58,300
39896786,11:4:56:786,48.57,100
39896786,11:4:56:786,48.57,100
39896786,11:4:56:786,48.57,100
39896936,11:4:56:936,48.575,100
39896936,11:4:56:936,48.58,100
39897004,11:4:57:4,48.58,100
39902568,11:5:2:568,48.58,42
39902653,11:5:2:653,48.58,100
39906686,11:5:6:686,48.58,100
39906689,11:5:6:689,48.58,100
39907504,11:5:7:504,48.575,100
39907504,11:5:7:504,48.58,100
39907504,11:5:7:504,48.58,100
39907504,11:5:7:504,48.58,100
39908339,11:5:8:339,48.59,21
39908339,11:5:8:339,48.59,180
39908340,11:5:8:340,48.59,342
39908340,11:5:8:340,48.59,100
39908340,11:5:8:340,48.59,20
39908340,11:5:8:340,48.59,100
39908340,11:5:8:340,48.59,80
39908340,11:5:8:340,48.59,37
39908340,11:5:8:340,48.59,80
39908340,11:5:8:340,48.59,20
39908341,11:5:8:341,48.59,20
39908350,11:5:8:350,48.59,100
39908353,11:5:8:353,48.59,200
39908367,11:5:8:367,48.59,100
39908504,11:5:8:504,48.59,100
39915890,11:5:15:890,48.59,300
39915891,11:5:15:891,48.6,100
39915891,11:5:15:891,48.6,4
39917759,11:5:17:759,48.6,104
39924133,11:5:24:133,48.6099,10
39950244,11:5:50:244,48.6,82
39955621,11:5:55:621,48.59,100
39957151,11:5:57:151,48.59,409
39957151,11:5:57:151,48.59,91
39957151,11:5:57:151,48.59,9
39957151,11:5:57:151,48.59,100
39957152,11:5:57:152,48.59,100
39957953,11:5:57:953,48.58,100
39958654,11:5:58:654,48.58,100
39958654,11:5:58:654,48.58,18
39958659,11:5:58:659,48.57,100
39958659,11:5:58:659,48.57,100
39958659,11:5:58:659,48.57,100
39958659,11:5:58:659,48.57,100
39958659,11:5:58:659,48.57,200
39958659,11:5:58:659,48.57,100
39958659,11:5:58:659,48.57,100
39958660,11:5:58:660,48.57,100
39958660,11:5:58:660,48.57,20
39958660,11:5:58:660,48.57,80
39958660,11:5:58:660,48.57,15
39958661,11:5:58:661,48.57,100
39958662,11:5:58:662,48.57,85
39958663,11:5:58:663,48.58,100
39958998,11:5:58:998,48.57,100
39965867,11:6:5:867,48.56,4
39965867,11:6:5:867,48.56,96
39965867,11:6:5:867,48.56,22
39965867,11:6:5:867,48.56,78
39965867,11:6:5:867,48.56,22
39971751,11:6:11:751,48.55,95
39972901,11:6:12:901,48.55,5
39973498,11:6:13:498,48.56,200
39973507,11:6:13:507,48.56,200
39973529,11:6:13:529,48.55,100
39976840,11:6:16:840,48.56,170
39976841,11:6:16:841,48.57,6
39976841,11:6:16:841,48.57,100
39976842,11:6:16:842,48.57,200
39976843,11:6:16:843,48.57,94
39976843,11:6:16:843,48.57,100
39976845,11:6:16:845,48.57,400
39976845,11:6:16:845,48.58,100
39976845,11:6:16:845,48.57,100
39976845,11:6:16:845,48.58,100
39976845,11:6:16:845,48.58,10
39976845,11:6:16:845,48.58,10
39976845,11:6:16:845,48.57,100
39976845,11:6:16:845,48.57,37
39976847,11:6:16:847,48.57,100
39976848,11:6:16:848,48.57,63
39976904,11:6:16:904,48.56,100
39976922,11:6:16:922,48.56,100
39976922,11:6:16:922,48.56,200
39976922,11:6:16:922,48.56,100
39977340,11:6:17:340,48.56,100
39982940,11:6:22:940,48.55,300
39992932,11:6:32:932,48.56,100
39992932,11:6:32:932,48.56,200
39992932,11:6:32:932,48.56,50
40029301,11:7:9:301,48.5501,6
40029317,11:7:9:317,48.57,12
40037026,11:7:17:26,48.57,100
40037027,11:7:17:27,48.57,100
40039280,11:7:19:280,48.57,100
40039280,11:7:19:280,48.57,100
40087015,11:8:7:15,48.58,100
40087015,11:8:7:15,48.58,12
40087015,11:8:7:15,48.58,88
40087015,11:8:7:15,48.58,100
40144787,11:9:4:787,48.6,36
40144787,11:9:4:787,48.6,64
40152069,11:9:12:69,48.6,100
40170021,11:9:30:21,48.59,79
40174584,11:9:34:584,48.593,9
40189167,11:9:49:167,48.59,1
40212854,11:10:12:854,48.6,38
40212854,11:10:12:854,48.6,7
40212854,11:10:12:854,48.6,67
40212854,11:10:12:854,48.6,162
40212854,11:10:12:854,48.6,33
40212854,11:10:12:854,48.6,100
40212854,11:10:12:854,48.6,100
40212854,11:10:12:854,48.6,1
40212856,11:10:12:856,48.6,600
40212921,11:10:12:921,48.6,100
40213523,11:10:13:523,48.6,100
40213524,11:10:13:524,48.6,115
40215537,11:10:15:537,48.6,300
40215538,11:10:15:538,48.6,100
40215538,11:10:15:538,48.6,100
40215538,11:10:15:538,48.6,100
40215538,11:10:15:538,48.6,100
40215538,11:10:15:538,48.6,50
40217066,11:10:17:66,48.59,200
40217067,11:10:17:67,48.59,100
40217067,11:10:17:67,48.59,100
40217067,11:10:17:67,48.59,100
40217068,11:10:17:68,48.59,100
40217068,11:10:17:68,48.59,100
40217068,11:10:17:68,48.59,100
40217068,11:10:17:68,48.59,300
40217068,11:10:17:68,48.59,100
40230940,11:10:30:940,48.59,100
40266715,11:11:6:715,48.59,100
40266715,11:11:6:715,48.59,100
40266733,11:11:6:733,48.59,43
40266733,11:11:6:733,48.59,157
40266734,11:11:6:734,48.59,98
40266734,11:11:6:734,48.59,2
40266734,11:11:6:734,48.59,100
40266734,11:11:6:734,48.59,100
40266734,11:11:6:734,48.59,100
40266734,11:11:6:734,48.59,2
40266855,11:11:6:855,48.59,100
40267951,11:11:7:951,48.6,27
40267951,11:11:7:951,48.6,73
40276030,11:11:16:30,48.6,100
40276171,11:11:16:171,48.6,100
40280889,11:11:20:889,48.6,100
40283548,11:11:23:548,48.6,100
40300436,11:11:40:436,48.5902,138
40303073,11:11:43:73,48.59,47
40303073,11:11:43:73,48.59,53
40303074,11:11:43:74,48.59,273
40303074,11:11:43:74,48.59,127
40303074,11:11:43:74,48.59,100
40303074,11:11:43:74,48.59,100
40303074,11:11:43:74,48.59,100
40303074,11:11:43:74,48.59,100
40303074,11:11:43:74,48.59,100
40303075,11:11:43:75,48.59,100
40303075,11:11:43:75,48.59,100
40303075,11:11:43:75,48.59,100
40303080,11:11:43:80,48.595,100
40303083,11:11:43:83,48.595,100
40303087,11:11:43:87,48.595,100
40303088,11:11:43:88,48.595,100
40303089,11:11:43:89,48.595,100
40303157,11:11:43:157,48.595,100
40303187,11:11:43:187,48.595,200
40303232,11:11:43:232,48.59,100
40305031,11:11:45:31,48.58,400
40305032,11:11:45:32,48.59,100
40305037,11:11:45:37,48.58,300
40309445,11:11:49:445,48.59,100
40309638,11:11:49:638,48.59,100
40309927,11:11:49:927,48.59,100
40310837,11:11:50:837,48.59,100
40312540,11:11:52:540,48.58,200
40312541,11:11:52:541,48.58,100
40312541,11:11:52:541,48.58,100
40312541,11:11:52:541,48.58,100
40312543,11:11:52:543,48.585,100
40312552,11:11:52:552,48.575,100
40313148,11:11:53:148,48.575,100
40313164,11:11:53:164,48.575,200
40313166,11:11:53:166,48.57,201
40313166,11:11:53:166,48.575,100
40313166,11:11:53:166,48.57,99
40313166,11:11:53:166,48.57,1
40313167,11:11:53:167,48.57,100
40313263,11:11:53:263,48.575,200
40322701,11:12:2:701,48.565,622
40327391,11:12:7:391,48.57,100
40327701,11:12:7:701,48.57,100
40327987,11:12:7:987,48.57,100
40329879,11:12:9:879,48.5675,100
40335409,11:12:15:409,48.56,200
40335410,11:12:15:410,48.56,100
40335411,11:12:15:411,48.56,100
40335411,11:12:15:411,48.56,100
40335413,11:12:15:413,48.565,100
40335413,11:12:15:413,48.565,100
40335413,11:12:15:413,48.565,100
40335418,11:12:15:418,48.565,100
40335435,11:12:15:435,48.5625,100
40335437,11:12:15:437,48.565,200
40335439,11:12:15:439,48.565,100
40335480,11:12:15:480,48.565,100
40342960,11:12:22:960,48.57,100
40342960,11:12:22:960,48.57,108
40342960,11:12:22:960,48.57,100
40342960,11:12:22:960,48.57,45
40342960,11:12:22:960,48.57,55
40342960,11:12:22:960,48.57,100
40342960,11:12:22:960,48.57,100
40342960,11:12:22:960,48.57,100
40343833,11:12:23:833,48.58,64
40343840,11:12:23:840,48.58,127
40343842,11:12:23:842,48.58,100
40343843,11:12:23:843,48.58,100
40343843,11:12:23:843,48.58,9
40344623,11:12:24:623,48.5825,100
40345495,11:12:25:495,48.585,100
40345512,11:12:25:512,48.585,100
40345616,11:12:25:616,48.585,200
40346200,11:12:26:200,48.58,100
40346204,11:12:26:204,48.58,100
40357928,11:12:37:928,48.58,2
40357930,11:12:37:930,48.58,6
40357931,11:12:37:931,48.575,2
40357933,11:12:37:933,48.575,6
40361284,11:12:41:284,48.57,96
40361286,11:12:41:286,48.58,20
40362410,11:12:42:410,48.58,50
40362410,11:12:42:410,48.57,264
40362410,11:12:42:410,48.58,30
40362410,11:12:42:410,48.57,36
40362410,11:12:42:410,48.575,150
40362410,11:12:42:410,48.57,100
40362410,11:12:42:410,48.57,6
40362411,11:12:42:411,48.57,4
40362411,11:12:42:411,48.57,6
40362411,11:12:42:411,48.57,4
40362411,11:12:42:411,48.57,10
40362413,11:12:42:413,48.575,150
40362435,11:12:42:435,48.56,100
40378376,11:12:58:376,48.56,100
40385732,11:13:5:732,48.57,100
40387439,11:13:7:439,48.57,100
40387527,11:13:7:527,48.5625,100
40393825,11:13:13:825,48.57,100
40393826,11:13:13:826,48.57,26
40393830,11:13:13:830,48.57,39
40393832,11:13:13:832,48.57,61
40393832,11:13:13:832,48.57,100
40393832,11:13:13:832,48.57,100
40409237,11:13:29:237,48.58,1
40411751,11:13:31:751,48.57,100
40427789,11:13:47:789,48.57,509
40427789,11:13:47:789,48.57,100
40427789,11:13:47:789,48.57,100
40427790,11:13:47:790,48.57,100
40427790,11:13:47:790,48.57,100
40427791,11:13:47:791,48.57,80
40427791,11:13:47:791,48.57,20
40427793,11:13:47:793,48.575,100
40427829,11:13:47:829,48.575,100
40427848,11:13:47:848,48.575,100
40428435,11:13:48:435,48.57,100
40429232,11:13:49:232,48.57,200
40430372,11:13:50:372,48.58,100
40431021,11:13:51:21,48.58,100
40440408,11:14:0:408,48.58,100
40440409,11:14:0:409,48.58,100
40440409,11:14:0:409,48.58,100
40442483,11:14:2:483,48.59,100
40442483,11:14:2:483,48.59,400
40443565,11:14:3:565,48.59,200
40443566,11:14:3:566,48.59,15
40443566,11:14:3:566,48.59,85
40443574,11:14:3:574,48.595,100
40443592,11:14:3:592,48.595,200
40460322,11:14:20:322,48.6,100
40460322,11:14:20:322,48.6,100
40460322,11:14:20:322,48.6,57
40461892,11:14:21:892,48.6,100
40464540,11:14:24:540,48.61,100
40464542,11:14:24:542,48.61,23
40464543,11:14:24:543,48.61,420
40464543,11:14:24:543,48.61,100
40464543,11:14:24:543,48.61,57
40464543,11:14:24:543,48.61,100
40464543,11:14:24:543,48.61,43
40464543,11:14:24:543,48.61,57
40464548,11:14:24:548,48.61,100
40464565,11:14:24:565,48.62,100
40464573,11:14:24:573,48.62,100
40464573,11:14:24:573,48.62,100
40464573,11:14:24:573,48.62,10
40464605,11:14:24:605,48.61,100
40479298,11:14:39:298,48.61,100
40479298,11:14:39:298,48.61,100
40479298,11:14:39:298,48.61,100
40479299,11:14:39:299,48.61,100
40479299,11:14:39:299,48.61,20
40479299,11:14:39:299,48.61,100
40481128,11:14:41:128,48.6,100
40481132,11:14:41:132,48.59,100
40481133,11:14:41:133,48.59,100
40481133,11:14:41:133,48.59,100
40481133,11:14:41:133,48.59,100
40481134,11:14:41:134,48.59,100
40481144,11:14:41:144,48.59,100
40481144,11:14:41:144,48.59,100
40481377,11:14:41:377,48.6,100
40481378,11:14:41:378,48.59,80
40498594,11:14:58:594,48.6,200
40500014,11:15:0:14,48.59,4
40504293,11:15:4:293,48.6,31
40504293,11:15:4:293,48.6,69
40504294,11:15:4:294,48.6,100
40504294,11:15:4:294,48.61,31
40504294,11:15:4:294,48.61,10
40505696,11:15:5:696,48.61,100
40506984,11:15:6:984,48.61,100
40512082,11:15:12:82,48.62,100
40513495,11:15:13:495,48.615,1
40513495,11:15:13:495,48.62,99
40516732,11:15:16:732,48.62,58
40516741,11:15:16:741,48.614,42
40537370,11:15:37:370,48.62,200
40631679,11:17:11:679,48.62,10
40631680,11:17:11:680,48.62,128
40631680,11:17:11:680,48.62,15
40631680,11:17:11:680,48.62,85
40631681,11:17:11:681,48.62,100
40631682,11:17:11:682,48.62,39
40631682,11:17:11:682,48.62,46
40631719,11:17:11:719,48.63,100
40631719,11:17:11:719,48.63,200
40631720,11:17:11:720,48.63,100
40631720,11:17:11:720,48.63,100
40632226,11:17:12:226,48.64,100
40632368,11:17:12:368,48.64,100
40645868,11:17:25:868,48.64,100
40651623,11:17:31:623,48.64,1
40684668,11:18:4:668,48.64,15
40684669,11:18:4:669,48.64,100
40684676,11:18:4:676,48.64,85
40685678,11:18:5:678,48.64,100
40685681,11:18:5:681,48.64,100
40685682,11:18:5:682,48.64,115
40685682,11:18:5:682,48.64,1
40685682,11:18:5:682,48.64,100
40685682,11:18:5:682,48.64,100
40685683,11:18:5:683,48.645,100
40685683,11:18:5:683,48.64,100
40685683,11:18:5:683,48.64,100
40688594,11:18:8:594,48.64,100
40730991,11:18:50:991,48.64,100
40749549,11:19:9:549,48.645,100
40750711,11:19:10:711,48.64,5
40753415,11:19:13:415,48.65,19
40765626,11:19:25:626,48.645,100
40765629,11:19:25:629,48.64,500
40765629,11:19:25:629,48.64,94
40765629,11:19:25:629,48.64,6
40765629,11:19:25:629,48.64,100
40765629,11:19:25:629,48.64,100
40765629,11:19:25:629,48.64,1
40765629,11:19:25:629,48.64,100
40765629,11:19:25:629,48.64,100
40765629,11:19:25:629,48.64,295
40765629,11:19:25:629,48.64,11
40765629,11:19:25:629,48.64,100
40765629,11:19:25:629,48.64,1
40765631,11:19:25:631,48.63,100
40765631,11:19:25:631,48.63,100
40765631,11:19:25:631,48.63,100
40765631,11:19:25:631,48.63,100
40765631,11:19:25:631,48.63,100
40765631,11:19:25:631,48.63,1
40765631,11:19:25:631,48.63,20
40765631,11:19:25:631,48.63,100
40765632,11:19:25:632,48.63,14
40765634,11:19:25:634,48.64,100
40766211,11:19:26:211,48.63,100
40770032,11:19:30:32,48.62,68
40778869,11:19:38:869,48.63,100
40778869,11:19:38:869,48.63,100
40778869,11:19:38:869,48.63,100
40778869,11:19:38:869,48.63,100
40778874,11:19:38:874,48.64,100
40778983,11:19:38:983,48.64,100
40780765,11:19:40:765,48.64,100
40780767,11:19:40:767,48.63,100
40780767,11:19:40:767,48.64,1
40783102,11:19:43:102,48.62,26
40783102,11:19:43:102,48.62,100
40783102,11:19:43:102,48.62,74
40783102,11:19:43:102,48.62,100
40783102,11:19:43:102,48.62,20
40783102,11:19:43:102,48.62,76
40783102,11:19:43:102,48.62,100
40783102,11:19:43:102,48.62,24
40783102,11:19:43:102,48.62,100
40783104,11:19:43:104,48.61,100
40783104,11:19:43:104,48.61,5
40783105,11:19:43:105,48.61,100
40783107,11:19:43:107,48.61,100
40783107,11:19:43:107,48.61,21
40783117,11:19:43:117,48.61,500
40783343,11:19:43:343,48.62,100
40783343,11:19:43:343,48.61,100
40807572,11:20:7:572,48.63,100
40807572,11:20:7:572,48.63,100
40807572,11:20:7:572,48.63,100
40807572,11:20:7:572,48.63,100
40807572,11:20:7:572,48.63,100
40807574,11:20:7:574,48.64,57
40807584,11:20:7:584,48.645,400
40814328,11:20:14:328,48.645,20
40823267,11:20:23:267,48.645,300
40823768,11:20:23:768,48.641,100
40823768,11:20:23:768,48.641,76
40825215,11:20:25:215,48.64,61
40825216,11:20:25:216,48.64,39
40825216,11:20:25:216,48.64,22
40825216,11:20:25:216,48.64,78
40825216,11:20:25:216,48.64,100
40825467,11:20:25:467,48.63,100
40825488,11:20:25:488,48.63,100
40827003,11:20:27:3,48.63,100
40827003,11:20:27:3,48.63,100
40829572,11:20:29:572,48.64,100
40878374,11:21:18:374,48.63,100
40878444,11:21:18:444,48.64,100
40908836,11:21:48:836,48.646,70
40917547,11:21:57:547,48.6042,100
40930923,11:22:10:923,48.65,74
40930924,11:22:10:924,48.65,100
40930924,11:22:10:924,48.65,26
40930924,11:22:10:924,48.65,100
40930924,11:22:10:924,48.65,100
40930924,11:22:10:924,48.65,100
40930927,11:22:10:927,48.65,100
40930927,11:22:10:927,48.65,100
40930928,11:22:10:928,48.65,100
40950748,11:22:30:748,48.67,1
40970618,11:22:50:618,48.65,100
40970621,11:22:50:621,48.65,200
40970621,11:22:50:621,48.65,100
40970621,11:22:50:621,48.65,1
40970621,11:22:50:621,48.65,99
40970621,11:22:50:621,48.65,1
40970621,11:22:50:621,48.65,100
40970622,11:22:50:622,48.65,100
40970622,11:22:50:622,48.65,1
40970622,11:22:50:622,48.65,100
40970622,11:22:50:622,48.65,100
40970622,11:22:50:622,48.65,100
40970622,11:22:50:622,48.64,100
40970627,11:22:50:627,48.65,100
40970636,11:22:50:636,48.64,100
40970638,11:22:50:638,48.63,100
40970638,11:22:50:638,48.64,100
40970646,11:22:50:646,48.63,100
40970646,11:22:50:646,48.64,100
40975413,11:22:55:413,48.65,40
40981866,11:23:1:866,48.64,5
40983414,11:23:3:414,48.645,20
40985373,11:23:5:373,48.64,200
40985373,11:23:5:373,48.64,100
40985373,11:23:5:373,48.64,12
40985373,11:23:5:373,48.64,100
40985374,11:23:5:374,48.64,2
41011545,11:23:31:545,48.65,27
41011545,11:23:31:545,48.65,173
41011545,11:23:31:545,48.65,27
41011545,11:23:31:545,48.65,73
41011545,11:23:31:545,48.65,27
41011545,11:23:31:545,48.65,73
41017131,11:23:37:131,48.6441,19
41044380,11:24:4:380,48.65,14
41094694,11:24:54:694,48.66,40
41095221,11:24:55:221,48.64,100
41095221,11:24:55:221,48.64,407
41095221,11:24:55:221,48.65,100
41095221,11:24:55:221,48.64,100
41095221,11:24:55:221,48.64,100
41095222,11:24:55:222,48.63,200
41095222,11:24:55:222,48.64,100
41095222,11:24:55:222,48.64,28
41095222,11:24:55:222,48.64,100
41095222,11:24:55:222,48.64,72
41095223,11:24:55:223,48.63,100
41095224,11:24:55:224,48.63,100
41095224,11:24:55:224,48.63,100
41095224,11:24:55:224,48.63,100
41095224,11:24:55:224,48.63,100
41095224,11:24:55:224,48.65,100
41095225,11:24:55:225,48.65,100
41095225,11:24:55:225,48.65,100
41095226,11:24:55:226,48.63,16
41095306,11:24:55:306,48.63,100
41095410,11:24:55:410,48.62,300
41095418,11:24:55:418,48.63,100
41100551,11:25:0:551,48.62,100
41100557,11:25:0:557,48.62,100
41100557,11:25:0:557,48.62,100
41101491,11:25:1:491,48.625,10
41106637,11:25:6:637,48.62,100
41106870,11:25:6:870,48.62,100
41106871,11:25:6:871,48.62,1
41106882,11:25:6:882,48.61,19
41106882,11:25:6:882,48.61,100
41118886,11:25:18:886,48.62,200
41118892,11:25:18:892,48.62,100
41118918,11:25:18:918,48.62,88
41121266,11:25:21:266,48.62,100
41121306,11:25:21:306,48.62,100
41121306,11:25:21:306,48.62,100
41121306,11:25:21:306,48.62,100
41122027,11:25:22:27,48.62,100
41122038,11:25:22:38,48.62,19
41164228,11:26:4:228,48.63,14
41182073,11:26:22:73,48.63,100
41201058,11:26:41:58,48.625,100
41204467,11:26:44:467,48.62,100
41204467,11:26:44:467,48.62,100
41204467,11:26:44:467,48.62,200
41204467,11:26:44:467,48.62,100
41204467,11:26:44:467,48.62,100
41204467,11:26:44:467,48.62,200
41204467,11:26:44:467,48.62,100
41204467,11:26:44:467,48.62,100
41204467,11:26:44:467,48.62,1
41204506,11:26:44:506,48.62,100
41208604,11:26:48:604,48.62,100
41213480,11:26:53:480,48.61,100
41233023,11:27:13:23,48.61,40
41236234,11:27:16:234,48.61,100
41236234,11:27:16:234,48.61,27
41236236,11:27:16:236,48.61,74
41236236,11:27:16:236,48.61,100
41236236,11:27:16:236,48.61,100
41236236,11:27:16:236,48.61,100
41236236,11:27:16:236,48.61,20
41236236,11:27:16:236,48.61,6
41236237,11:27:16:237,48.62,100
41236242,11:27:16:242,48.61,100
41280046,11:28:0:46,48.62,28
41280046,11:28:0:46,48.62,72
41280046,11:28:0:46,48.62,100
41280046,11:28:0:46,48.62,145
41280047,11:28:0:47,48.62,28
41280047,11:28:0:47,48.62,100
41280048,11:28:0:48,48.62,100
41280054,11:28:0:54,48.62,100
41280054,11:28:0:54,48.62,200
41280056,11:28:0:56,48.62,200
41280058,11:28:0:58,48.62,100
41280058,11:28:0:58,48.62,100
41280058,11:28:0:58,48.62,100
41280060,11:28:0:60,48.625,100
41280071,11:28:0:71,48.62,100
41286835,11:28:6:835,48.63,158
41326467,11:28:46:467,48.63,13
41326468,11:28:46:468,48.63,87
41326483,11:28:46:483,48.63,100
41326484,11:28:46:484,48.63,100
41326484,11:28:46:484,48.63,100
41326484,11:28:46:484,48.63,100
41326531,11:28:46:531,48.63,100
41326562,11:28:46:562,48.64,100
41332954,11:28:52:954,48.64,100
41332954,11:28:52:954,48.64,100
41332954,11:28:52:954,48.64,100
41338551,11:28:58:551,48.65,20
41346711,11:29:6:711,48.65,100
41346714,11:29:6:714,48.65,100
41346763,11:29:6:763,48.65,100
41367946,11:29:27:946,48.64,41
41367946,11:29:27:946,48.64,100
41367947,11:29:27:947,48.64,153
41367947,11:29:27:947,48.64,6
41367950,11:29:27:950,48.65,100
41367951,11:29:27:951,48.64,500
41367951,11:29:27:951,48.64,100
41367951,11:29:27:951,48.64,100
41367951,11:29:27:951,48.64,1
41367951,11:29:27:951,48.64,1
41367951,11:29:27:951,48.645,1
41367951,11:29:27:951,48.64,99
41367951,11:29:27:951,48.64,1
41369626,11:29:29:626,48.635,20
41370017,11:29:30:17,48.63,9
41370017,11:29:30:17,48.63,191
41370018,11:29:30:18,48.63,204
41370018,11:29:30:18,48.63,20
41370019,11:29:30:19,48.62,100
41370019,11:29:30:19,48.62,100
41370072,11:29:30:72,48.62,100
41371447,11:29:31:447,48.62,8
41372759,11:29:32:759,48.62,92
41372760,11:29:32:760,48.62,100
41374463,11:29:34:463,48.62,100
41374470,11:29:34:470,48.62,100
41402222,11:30:2:222,48.63,100
41404036,11:30:4:36,48.63,28
41412741,11:30:12:741,48.63,100
41412758,11:30:12:758,48.63,100
41415072,11:30:15:72,48.625,300
41442156,11:30:42:156,48.63,100
41450314,11:30:50:314,48.62,100
41450314,11:30:50:314,48.62,100
41450314,11:30:50:314,48.62,100
41450315,11:30:50:315,48.62,100
41450315,11:30:50:315,48.62,100
41450315,11:30:50:315,48.62,20
41450315,11:30:50:315,48.62,91
41450315,11:30:50:315,48.62,100
41450315,11:30:50:315,48.62,100
41450315,11:30:50:315,48.62,9
41450315,11:30:50:315,48.62,100
41450315,11:30:50:315,48.61,100
41450315,11:30:50:315,48.61,100
41450317,11:30:50:317,48.625,100
41450335,11:30:50:335,48.62,100
41455277,11:30:55:277,48.615,10
41465295,11:31:5:295,48.62,45
41465524,11:31:5:524,48.62,55
41465524,11:31:5:524,48.62,30
41465524,11:31:5:524,48.62,15
41465525,11:31:5:525,48.62,70
41465525,11:31:5:525,48.62,100
41486808,11:31:26:808,48.62,58
41486808,11:31:26:808,48.62,200
41486808,11:31:26:808,48.62,100
41486808,11:31:26:808,48.62,42
41486808,11:31:26:808,48.62,100
41486808,11:31:26:808,48.62,58
41486808,11:31:26:808,48.62,42
41486808,11:31:26:808,48.62,55
41486808,11:31:26:808,48.62,45
41486811,11:31:26:811,48.61,100
41486811,11:31:26:811,48.61,1
41486812,11:31:26:812,48.61,100
41486813,11:31:26:813,48.61,100
41486813,11:31:26:813,48.61,100
41486815,11:31:26:815,48.6,500
41486816,11:31:26:816,48.6,100
41486819,11:31:26:819,48.61,100
41486822,11:31:26:822,48.6,100
41486827,11:31:26:827,48.6,100
41486848,11:31:26:848,48.62,100
41486859,11:31:26:859,48.61,100
41486871,11:31:26:871,48.61,100
41487023,11:31:27:23,48.61,100
41487023,11:31:27:23,48.61,100
41487558,11:31:27:558,48.61,500
41487559,11:31:27:559,48.61,100
41487559,11:31:27:559,48.61,100
41487578,11:31:27:578,48.63,100
41493154,11:31:33:154,48.62,100
41493240,11:31:33:240,48.61,100
41493240,11:31:33:240,48.61,100
41493240,11:31:33:240,48.61,100
41493880,11:31:33:880,48.61,100
41494316,11:31:34:316,48.615,100
41514872,11:31:54:872,48.6102,5
41519834,11:31:59:834,48.61,100
41524913,11:32:4:913,48.62,45
41524914,11:32:4:914,48.62,100
41524914,11:32:4:914,48.62,155
41524920,11:32:4:920,48.62,200
41524967,11:32:4:967,48.63,100
41525026,11:32:5:26,48.62,100
41525064,11:32:5:64,48.62,79
41539746,11:32:19:746,48.63,52
41567436,11:32:47:436,48.63,100
41569180,11:32:49:180,48.63,100
41570692,11:32:50:692,48.63,100
41570692,11:32:50:692,48.63,100
41570692,11:32:50:692,48.63,100
41570709,11:32:50:709,48.64,100
41596066,11:33:16:66,48.64,100
41597005,11:33:17:5,48.64,100
41602368,11:33:22:368,48.6399,110
41618102,11:33:38:102,48.63,100
41618102,11:33:38:102,48.63,1
41618103,11:33:38:103,48.63,119
41618103,11:33:38:103,48.63,100
41618103,11:33:38:103,48.63,109
41618103,11:33:38:103,48.63,79
41619416,11:33:39:416,48.63,194
41622034,11:33:42:34,48.63,53
41628301,11:33:48:301,48.64,100
41628334,11:33:48:334,48.64,100
41628335,11:33:48:335,48.64,25
41628388,11:33:48:388,48.64,100
41628388,11:33:48:388,48.64,100
41628388,11:33:48:388,48.64,100
41632268,11:33:52:268,48.63,100
41661547,11:34:21:547,48.6341,500
41661549,11:34:21:549,48.63,300
41661549,11:34:21:549,48.63,100
41661550,11:34:21:550,48.63,100
41661550,11:34:21:550,48.63,100
41661550,11:34:21:550,48.63,100
41661550,11:34:21:550,48.63,44
41661554,11:34:21:554,48.63,100
41661556,11:34:21:556,48.63,100
41661559,11:34:21:559,48.64,100
41671934,11:34:31:934,48.6399,53
41675464,11:34:35:464,48.64,75
41675464,11:34:35:464,48.64,25
41675464,11:34:35:464,48.64,75
41675465,11:34:35:465,48.64,100
41675482,11:34:35:482,48.64,100
41675501,11:34:35:501,48.64,100
41676494,11:34:36:494,48.65,29
41676494,11:34:36:494,48.65,29
41680493,11:34:40:493,48.65,100
41680493,11:34:40:493,48.65,100
41694989,11:34:54:989,48.651,96
41698648,11:34:58:648,48.66,100
41703437,11:35:3:437,48.66,100
41706601,11:35:6:601,48.66,100
41706601,11:35:6:601,48.66,10
41734365,11:35:34:365,48.66,100
41734365,11:35:34:365,48.66,100
41734365,11:35:34:365,48.66,100
41734365,11:35:34:365,48.66,100
41734365,11:35:34:365,48.66,2
41734367,11:35:34:367,48.65,200
41734367,11:35:34:367,48.65,100
41734371,11:35:34:371,48.66,100
41735091,11:35:35:91,48.66,200
41764471,11:36:4:471,48.67,28
41764471,11:36:4:471,48.67,72
41790105,11:36:30:105,48.67,100
41790105,11:36:30:105,48.67,100
41790105,11:36:30:105,48.67,100
41790105,11:36:30:105,48.67,100
41790106,11:36:30:106,48.67,100
41790106,11:36:30:106,48.67,100
41790106,11:36:30:106,48.67,100
41790106,11:36:30:106,48.67,100
41790107,11:36:30:107,48.67,400
41790108,11:36:30:108,48.67,100
41790108,11:36:30:108,48.67,100
41790108,11:36:30:108,48.67,100
41790108,11:36:30:108,48.67,100
41790108,11:36:30:108,48.67,100
41790108,11:36:30:108,48.67,100
41790110,11:36:30:110,48.67,2
41790160,11:36:30:160,48.67,200
41809242,11:36:49:242,48.6602,5
41816060,11:36:56:60,48.67,100
41826034,11:37:6:34,48.67,11
41835419,11:37:15:419,48.66,100
41835421,11:37:15:421,48.66,100
41835436,11:37:15:436,48.665,100
41838676,11:37:18:676,48.6673,51
41851132,11:37:31:132,48.67,1
41860897,11:37:40:897,48.67,100
41866647,11:37:46:647,48.66,100
41866647,11:37:46:647,48.66,175
41866647,11:37:46:647,48.66,2
41866647,11:37:46:647,48.66,100
41866647,11:37:46:647,48.66,20
41866647,11:37:46:647,48.66,100
41866647,11:37:46:647,48.66,1
41866647,11:37:46:647,48.66,100
41866647,11:37:46:647,48.66,401
41866653,11:37:46:653,48.65,100
41866653,11:37:46:653,48.65,100
41866653,11:37:46:653,48.65,100
41866654,11:37:46:654,48.65,100
41866654,11:37:46:654,48.65,100
41866654,11:37:46:654,48.65,100
41866654,11:37:46:654,48.65,100
41866654,11:37:46:654,48.65,100
41866667,11:37:46:667,48.64,100
41889232,11:38:9:232,48.65,19
41889233,11:38:9:233,48.65,81
41908887,11:38:28:887,48.65,200
41935395,11:38:55:395,48.65,100
41952084,11:39:12:84,48.65,16
41953153,11:39:13:153,48.65,100
41962491,11:39:22:491,48.645,200
41970024,11:39:30:24,48.64,86
41970116,11:39:30:116,48.64,100
41970116,11:39:30:116,48.64,100
41970117,11:39:30:117,48.64,100
41970117,11:39:30:117,48.64,100
41970117,11:39:30:117,48.64,100
41970117,11:39:30:117,48.64,8
41970119,11:39:30:119,48.65,243
41970848,11:39:30:848,48.63,100
41971070,11:39:31:70,48.635,200
41971609,11:39:31:609,48.64,100
41972377,11:39:32:377,48.64,8
41974456,11:39:34:456,48.64,100
41974463,11:39:34:463,48.64,100
41974478,11:39:34:478,48.64,100
41974485,11:39:34:485,48.63,100
41974485,11:39:34:485,48.63,100
41974489,11:39:34:489,48.64,178
41974490,11:39:34:490,48.64,14
41974491,11:39:34:491,48.64,400
41974495,11:39:34:495,48.63,92
41974505,11:39:34:505,48.63,86
41974518,11:39:34:518,48.64,100
41974518,11:39:34:518,48.64,100
41974518,11:39:34:518,48.64,10
41974520,11:39:34:520,48.64,100
41974593,11:39:34:593,48.64,100
41974749,11:39:34:749,48.64,100
41975294,11:39:35:294,48.64,100
41976173,11:39:36:173,48.64,100
41976445,11:39:36:445,48.64,100
41977407,11:39:37:407,48.65,200
41977407,11:39:37:407,48.65,100
41977436,11:39:37:436,48.64,100
41977436,11:39:37:436,48.64,10
41977436,11:39:37:436,48.64,10
41977436,11:39:37:436,48.64,100
41977436,11:39:37:436,48.64,80
41979402,11:39:39:402,48.65,100
41980430,11:39:40:430,48.65,76
41981545,11:39:41:545,48.64,5
41982424,11:39:42:424,48.6473,195
41982495,11:39:42:495,48.65,100
41989986,11:39:49:986,48.65,100
41989986,11:39:49:986,48.65,52
41989986,11:39:49:986,48.65,52
41989986,11:39:49:986,48.65,48
41989986,11:39:49:986,48.65,48
41995029,11:39:55:29,48.66,37
42008063,11:40:8:63,48.655,100
42008084,11:40:8:84,48.65,100
42008121,11:40:8:121,48.6565,500
42012395,11:40:12:395,48.65,100
42012395,11:40:12:395,48.65,100
42013404,11:40:13:404,48.645,200
42029077,11:40:29:77,48.6386,100
42041822,11:40:41:822,48.65,5
42042073,11:40:42:73,48.65,1
42042073,11:40:42:73,48.65,4
42042198,11:40:42:198,48.65,100
42052026,11:40:52:26,48.65,100
42052052,11:40:52:52,48.64,100
42053080,11:40:53:80,48.65,100
42060003,11:41:0:3,48.66,100
42060003,11:41:0:3,48.65,95
42060480,11:41:0:480,48.65,100
42060480,11:41:0:480,48.65,100
42060482,11:41:0:482,48.65,200
42060488,11:41:0:488,48.65,100
42062169,11:41:2:169,48.65,4
42062171,11:41:2:171,48.64,100
42075028,11:41:15:28,48.64,11
42075028,11:41:15:28,48.64,100
42075028,11:41:15:28,48.64,201
42075029,11:41:15:29,48.64,1
42075030,11:41:15:30,48.64,100
42075072,11:41:15:72,48.64,100
42075077,11:41:15:77,48.64,100
42076312,11:41:16:312,48.6301,7
42088630,11:41:28:630,48.64,200
42097087,11:41:37:87,48.64,100
42097087,11:41:37:87,48.64,11
42099793,11:41:39:793,48.64,100
42107337,11:41:47:337,48.64,2
42107576,11:41:47:576,48.64,2
42107579,11:41:47:579,48.64,100
42107581,11:41:47:581,48.64,200
42107865,11:41:47:865,48.64,98
42108569,11:41:48:569,48.6361,400
42114193,11:41:54:193,48.635,50
42114252,11:41:54:252,48.64,200
42118693,11:41:58:693,48.64,100
42120848,11:42:0:848,48.64,100
42121722,11:42:1:722,48.64,100
42134022,11:42:14:22,48.65,100
42138125,11:42:18:125,48.65,7
42138127,11:42:18:127,48.65,293
42138127,11:42:18:127,48.65,100
42140541,11:42:20:541,48.66,100
42142592,11:42:22:592,48.66,100
42145924,11:42:25:924,48.66,100
42174650,11:42:54:650,48.66,100
42174650,11:42:54:650,48.66,100
42174650,11:42:54:650,48.66,100
42174676,11:42:54:676,48.66,100
42175895,11:42:55:895,48.67,100
42178599,11:42:58:599,48.68,100
42178619,11:42:58:619,48.68,100
42178671,11:42:58:671,48.68,100
42191814,11:43:11:814,48.68,100
42194069,11:43:14:69,48.68,100
42199871,11:43:19:871,48.68,77
42199871,11:43:19:871,48.68,10
42199871,11:43:19:871,48.68,23
42233936,11:43:53:936,48.6938,130
42236015,11:43:56:15,48.69,1
42236015,11:43:56:15,48.69,94
42236015,11:43:56:15,48.69,300
42236015,11:43:56:15,48.69,100
42236015,11:43:56:15,48.69,100
42236015,11:43:56:15,48.69,6
42236015,11:43:56:15,48.69,100
42236015,11:43:56:15,48.69,100
42236015,11:43:56:15,48.69,100
42236015,11:43:56:15,48.69,4
42236015,11:43:56:15,48.69,100
42236015,11:43:56:15,48.69,100
42236015,11:43:56:15,48.69,100
