MsOfDay, Time,Price,Size
14535811,4:2:15:811,46.9,400
21066942,5:51:6:942,46.76,500
21282959,5:54:42:959,46.8,600
21282959,5:54:42:959,46.8,300
28810333,8:0:10:333,46.82,100
32195967,8:56:35:967,46.85,724
32700019,9:5:0:19,46.81,160
33000011,9:10:0:11,46.81,107
33034722,9:10:34:722,46.81,100
34201006,9:30:1:6,46.93,25266
34201484,9:30:1:484,46.9599,100
34201484,9:30:1:484,46.9599,200
34201494,9:30:1:494,46.957,300
34201503,9:30:1:503,46.957,100
34201596,9:30:1:596,46.92,28
34201831,9:30:1:831,46.95,80
34201835,9:30:1:835,46.9499,110
34201841,9:30:1:841,46.947,300
34201847,9:30:1:847,46.947,200
34202379,9:30:2:379,46.96,20
34203115,9:30:3:115,46.92,100
34203115,9:30:3:115,46.92,100
34203115,9:30:3:115,46.92,100
34203304,9:30:3:304,46.92,100
34203643,9:30:3:643,46.9592,300
34203647,9:30:3:647,46.9592,100
34203650,9:30:3:650,46.95,300
34203653,9:30:3:653,46.95,200
34205903,9:30:5:903,46.88,100
34205903,9:30:5:903,46.88,14
34206199,9:30:6:199,46.85,100
34211738,9:30:11:738,46.93,26
34212302,9:30:12:302,46.96,6
34233918,9:30:33:918,46.93,1
34237779,9:30:37:779,46.92,11
34248844,9:30:48:844,46.8162,100
34249770,9:30:49:770,46.93,1
34253819,9:30:53:819,46.75,53
34253824,9:30:53:824,46.83,11
34253827,9:30:53:827,46.82,38
34255510,9:30:55:510,46.8,53
34274277,9:31:14:277,46.87,200
34283974,9:31:23:974,46.89,100
34283974,9:31:23:974,46.89,50
34283974,9:31:23:974,46.89,100
34283974,9:31:23:974,46.89,50
34284033,9:31:24:33,46.9,100
34284033,9:31:24:33,46.9,100
34284039,9:31:24:39,46.91,53
34284039,9:31:24:39,46.9,100
34284039,9:31:24:39,46.9,100
34284040,9:31:24:40,46.9,300
34284040,9:31:24:40,46.9,300
34284040,9:31:24:40,46.9,100
34284040,9:31:24:40,46.9,100
34320844,9:32:0:844,46.866,300
34330425,9:32:10:425,46.9,1
34334288,9:32:14:288,46.93,100
34334288,9:32:14:288,46.94,100
34334288,9:32:14:288,46.93,200
34334288,9:32:14:288,46.94,100
34334292,9:32:14:292,46.96,99
34334308,9:32:14:308,46.915,100
34368555,9:32:48:555,46.92,400
34376685,9:32:56:685,46.95,100
34385995,9:33:5:995,46.915,100
34388170,9:33:8:170,46.915,100
34407718,9:33:27:718,46.925,100
34419025,9:33:39:25,46.9,100
34419025,9:33:39:25,46.9,100
34419025,9:33:39:25,46.9,267
34419026,9:33:39:26,46.9,100
34419026,9:33:39:26,46.9,20
34419028,9:33:39:28,46.93,20
34419032,9:33:39:32,46.89,15
34419033,9:33:39:33,46.89,100
34419033,9:33:39:33,46.89,85
34419033,9:33:39:33,46.89,100
34419034,9:33:39:34,46.9,200
34419034,9:33:39:34,46.88,31
34419412,9:33:39:412,46.88,69
34419412,9:33:39:412,46.87,131
34419413,9:33:39:413,46.85,100
34419413,9:33:39:413,46.85,100
34419413,9:33:39:413,46.87,100
34419414,9:33:39:414,46.85,100
34419414,9:33:39:414,46.85,100
34423431,9:33:43:431,46.88,100
34423431,9:33:43:431,46.88,100
34423432,9:33:43:432,46.89,200
34423432,9:33:43:432,46.88,100
34429210,9:33:49:210,46.89,100
34431028,9:33:51:28,46.9,9
34437171,9:33:57:171,46.89,100
34442467,9:34:2:467,46.9,300
34442467,9:34:2:467,46.9,91
34443143,9:34:3:143,46.9,300
34443143,9:34:3:143,46.9,300
34443143,9:34:3:143,46.9,100
34443143,9:34:3:143,46.9,300
34443143,9:34:3:143,46.9,91
34455455,9:34:15:455,46.92,100
34460905,9:34:20:905,46.88,3
34464428,9:34:24:428,46.8701,724
34465297,9:34:25:297,46.94,100
34468852,9:34:28:852,46.88,2
34469168,9:34:29:168,46.95,100
34469168,9:34:29:168,46.95,100
34472577,9:34:32:577,46.94,1000
34473725,9:34:33:725,46.88,3
34473726,9:34:33:726,46.88,1
34473726,9:34:33:726,46.88,96
34478362,9:34:38:362,46.94,90
34478691,9:34:38:691,46.95,100
34478692,9:34:38:692,46.95,100
34480440,9:34:40:440,46.95,200
34480440,9:34:40:440,46.95,100
34485754,9:34:45:754,46.96,200
34491077,9:34:51:77,46.96,100
34497175,9:34:57:175,46.93,300
34497180,9:34:57:180,46.93,300
34497330,9:34:57:330,46.93,300
34497688,9:34:57:688,46.93,200
34497692,9:34:57:692,46.93,100
34497800,9:34:57:800,46.93,200
34501769,9:35:1:769,46.95,100
34507017,9:35:7:17,46.96,200
34507017,9:35:7:17,46.96,100
34507017,9:35:7:17,46.96,200
34507019,9:35:7:19,46.97,100
34507019,9:35:7:19,46.97,70
34507019,9:35:7:19,46.97,100
34507019,9:35:7:19,46.98,247
34507019,9:35:7:19,46.98,100
34507020,9:35:7:20,46.98,100
34507020,9:35:7:20,46.98,100
34507027,9:35:7:27,46.98,200
34507109,9:35:7:109,46.98,1
34507259,9:35:7:259,46.99,100
34507259,9:35:7:259,46.99,11
34507261,9:35:7:261,46.98,700
34507268,9:35:7:268,46.98,100
34507291,9:35:7:291,46.98,600
34507924,9:35:7:924,46.99,100
34507924,9:35:7:924,46.99,31
34507924,9:35:7:924,46.99,69
34507924,9:35:7:924,46.99,100
34508172,9:35:8:172,46.99,100
34508965,9:35:8:965,46.99,100
34508965,9:35:8:965,46.99,100
34508965,9:35:8:965,46.99,100
34508967,9:35:8:967,47,9
34508972,9:35:8:972,47,9
34510027,9:35:10:27,46.95,11
34519820,9:35:19:820,46.96,18
34519821,9:35:19:821,46.96,2
34522734,9:35:22:734,47,500
34522734,9:35:22:734,47,100
34522735,9:35:22:735,47,250
34522735,9:35:22:735,47,41
34522736,9:35:22:736,47,100
34522737,9:35:22:737,47,400
34522737,9:35:22:737,47,1060
34522742,9:35:22:742,47,100
34522742,9:35:22:742,47,100
34522742,9:35:22:742,47,2860
34522744,9:35:22:744,47,70
34522745,9:35:22:745,47,71
34524238,9:35:24:238,47,124
34524239,9:35:24:239,47,200
34524239,9:35:24:239,47,150
34524240,9:35:24:240,47,270
34524240,9:35:24:240,47,321
34524241,9:35:24:241,47,150
34524241,9:35:24:241,47,1366
34524241,9:35:24:241,47,500
34524242,9:35:24:242,47,243
34525668,9:35:25:668,47.03,50
34525668,9:35:25:668,47.03,50
34525668,9:35:25:668,47.03,100
34525668,9:35:25:668,47.04,100
34533089,9:35:33:89,47.05,100
34533089,9:35:33:89,47.05,100
34535668,9:35:35:668,47.05,200
34535668,9:35:35:668,47.05,100
34546513,9:35:46:513,47.06,20
34547577,9:35:47:577,47.04,100
34547577,9:35:47:577,47.04,100
34552303,9:35:52:303,47.03,100
34552303,9:35:52:303,47.03,100
34552564,9:35:52:564,47.01,100
34563110,9:36:3:110,47.04,100
34579671,9:36:19:671,47.01,1
34579671,9:36:19:671,47.025,100
34579671,9:36:19:671,47.01,100
34579671,9:36:19:671,47.01,99
34579671,9:36:19:671,47.01,100
34579672,9:36:19:672,47.01,1
34579672,9:36:19:672,47.01,100
34579682,9:36:19:682,47.025,400
34579683,9:36:19:683,47.025,200
34580389,9:36:20:389,47.0299,100
34586755,9:36:26:755,47.03,200
34588253,9:36:28:253,47.03,100
34616474,9:36:56:474,47.025,3000
34616929,9:36:56:929,47.04,40
34616929,9:36:56:929,47.04,100
34616929,9:36:56:929,47.04,60
34616929,9:36:56:929,47.025,100
34616930,9:36:56:930,47.025,100
34617997,9:36:57:997,47.03,100
34617997,9:36:57:997,47.03,100
34617997,9:36:57:997,47.03,100
34617997,9:36:57:997,47.03,100
34617997,9:36:57:997,47.02,100
34617997,9:36:57:997,47.02,100
34617997,9:36:57:997,47.02,100
34617997,9:36:57:997,47.03,100
34617997,9:36:57:997,47.03,100
34620021,9:37:0:21,47.03,2
34620033,9:37:0:33,47.01,100
34621824,9:37:1:824,47.02,100
34626160,9:37:6:160,47.01,100
34640824,9:37:20:824,47.02,100
34645096,9:37:25:96,47.02,300
34645114,9:37:25:114,47.0216,200
34646715,9:37:26:715,46.93,11
34653830,9:37:33:830,47.02,100
34656102,9:37:36:102,47.03,100
34656102,9:37:36:102,47.03,200
34656103,9:37:36:103,47.02,100
34664455,9:37:44:455,47.0248,100
34664455,9:37:44:455,47.0248,100
34665045,9:37:45:45,47.01,100
34692210,9:38:12:210,47.01,61
34692211,9:38:12:211,47.01,22
34692551,9:38:12:551,47.01,100
34692551,9:38:12:551,47.01,100
34692551,9:38:12:551,47.01,100
34692551,9:38:12:551,47.01,100
34692551,9:38:12:551,47,100
34692551,9:38:12:551,47.01,78
34692552,9:38:12:552,47.01,39
34692555,9:38:12:555,47,100
34692555,9:38:12:555,47,100
34692555,9:38:12:555,47,100
34692555,9:38:12:555,47,100
34692555,9:38:12:555,47,300
34692555,9:38:12:555,47,100
34692561,9:38:12:561,46.99,100
34692561,9:38:12:561,46.99,100
34692631,9:38:12:631,47,100
34692659,9:38:12:659,46.98,100
34692660,9:38:12:660,46.98,100
34692667,9:38:12:667,46.98,100
34693156,9:38:13:156,46.96,100
34693258,9:38:13:258,46.98,100
34694548,9:38:14:548,46.95,100
34694588,9:38:14:588,46.95,100
34694590,9:38:14:590,46.95,99
34694590,9:38:14:590,46.95,1
34694605,9:38:14:605,46.95,13
34694608,9:38:14:608,46.95,10
34695408,9:38:15:408,46.97,200
34696332,9:38:16:332,46.98,100
34696332,9:38:16:332,46.98,100
34696332,9:38:16:332,46.98,100
34696332,9:38:16:332,46.98,100
34696332,9:38:16:332,46.98,11
34696332,9:38:16:332,46.98,100
34696378,9:38:16:378,46.98,100
34696459,9:38:16:459,46.98,100
34701668,9:38:21:668,46.97,200
34712343,9:38:32:343,46.99,1575
34716128,9:38:36:128,46.99,100
34716129,9:38:36:129,46.99,100
34716129,9:38:36:129,46.99,500
34716141,9:38:36:141,47,100
34716142,9:38:36:142,47,100
34716142,9:38:36:142,47,100
34721006,9:38:41:6,47,100
34725649,9:38:45:649,47,100
34732210,9:38:52:210,47,100
34732694,9:38:52:694,47.01,200
34732694,9:38:52:694,47.01,100
34732694,9:38:52:694,47.01,200
34732694,9:38:52:694,47.01,200
34732714,9:38:52:714,47.02,100
34739547,9:38:59:547,47.02,100
34739547,9:38:59:547,47.02,200
34746427,9:39:6:427,47,100
34746428,9:39:6:428,47,100
34746428,9:39:6:428,47,100
34746428,9:39:6:428,47,100
34746430,9:39:6:430,46.99,100
34746445,9:39:6:445,46.99,100
34746584,9:39:6:584,47,200
34748370,9:39:8:370,46.995,200
34748372,9:39:8:372,46.995,200
34748926,9:39:8:926,46.995,100
34751559,9:39:11:559,46.98,100
34751561,9:39:11:561,46.97,53
34782115,9:39:42:115,46.99,100
34782116,9:39:42:116,46.99,200
34782116,9:39:42:116,46.99,100
34782117,9:39:42:117,46.99,100
34787149,9:39:47:149,47,100
34787150,9:39:47:150,47,100
34793235,9:39:53:235,47,100
34798808,9:39:58:808,47,30
34798838,9:39:58:838,47,100
34818912,9:40:18:912,47.01,200
34824653,9:40:24:653,47.01,100
34824654,9:40:24:654,47.01,39
34824654,9:40:24:654,47.01,61
34824654,9:40:24:654,47.01,38
34824654,9:40:24:654,47.01,62
34824654,9:40:24:654,47.01,39
34826486,9:40:26:486,47,200
34826486,9:40:26:486,47,100
34826489,9:40:26:489,47,100
34826657,9:40:26:657,47,100
34826675,9:40:26:675,47,100
34828385,9:40:28:385,47.02,100
34828385,9:40:28:385,47.02,100
34828385,9:40:28:385,47.02,100
34830392,9:40:30:392,47,82
34830393,9:40:30:393,47,10
34830393,9:40:30:393,47,1
34833160,9:40:33:160,46.988,1
34843043,9:40:43:43,47.03,300
34848090,9:40:48:90,47.03,200
34874649,9:41:14:649,47.01,100
34874649,9:41:14:649,47.01,20
34892161,9:41:32:161,47.01,100
34894337,9:41:34:337,47,100
34894337,9:41:34:337,47,97
34894337,9:41:34:337,47,19
34894337,9:41:34:337,47,100
34894338,9:41:34:338,47,100
34894339,9:41:34:339,47.01,100
34894352,9:41:34:352,47,100
34894354,9:41:34:354,46.98,1
34894363,9:41:34:363,46.98,100
34894363,9:41:34:363,46.98,9
34896873,9:41:36:873,47.01,200
34902726,9:41:42:726,47.02,300
34912800,9:41:52:800,47.01,100
34928096,9:42:8:96,47.005,100
34928096,9:42:8:96,46.99,100
34938074,9:42:18:74,47.02,300
34939550,9:42:19:550,46.99,100
34954869,9:42:34:869,47.01,200
34964578,9:42:44:578,47.01,21
34965019,9:42:45:19,47.01,79
34973013,9:42:53:13,47,40
34973013,9:42:53:13,47,300
34973013,9:42:53:13,47,60
34973013,9:42:53:13,47,100
34973013,9:42:53:13,47,10
34973014,9:42:53:14,46.99,100
34973014,9:42:53:14,46.99,200
34973014,9:42:53:14,46.99,100
34973014,9:42:53:14,46.99,100
34973014,9:42:53:14,46.99,100
34973015,9:42:53:15,46.99,100
34973023,9:42:53:23,47.02,100
34975543,9:42:55:543,46.98,158
34990169,9:43:10:169,47,100
34990170,9:43:10:170,47,100
35018544,9:43:38:544,47.01,4
35018782,9:43:38:782,47.01,1
35020004,9:43:40:4,47,1
35020009,9:43:40:9,47.01,4
35040031,9:44:0:31,46.98,10
35045716,9:44:5:716,46.98,53
35049945,9:44:9:945,46.98,11
35049999,9:44:9:999,46.99,100
35053009,9:44:13:9,47,100
35053009,9:44:13:9,47,100
35053009,9:44:13:9,47,92
35053010,9:44:13:10,47,8
35061253,9:44:21:253,47,100
35065614,9:44:25:614,47.01,100
35068969,9:44:28:969,46.98,23
35068969,9:44:28:969,46.995,100
35068969,9:44:28:969,46.98,90
35068969,9:44:28:969,46.98,100
35068969,9:44:28:969,46.98,10
35068969,9:44:28:969,46.995,100
35068969,9:44:28:969,46.98,10
35068969,9:44:28:969,46.98,17
35068969,9:44:28:969,46.98,73
35068970,9:44:28:970,46.995,100
35068970,9:44:28:970,46.995,100
35068971,9:44:28:971,46.98,100
35068973,9:44:28:973,46.98,100
35071320,9:44:31:320,47,200
35071472,9:44:31:472,47,100
35072332,9:44:32:332,46.98,100
35072332,9:44:32:332,46.98,100
35072405,9:44:32:405,46.99,100
35074687,9:44:34:687,46.99,100
35074687,9:44:34:687,46.99,100
35075985,9:44:35:985,46.97,100
35075986,9:44:35:986,46.97,100
35075986,9:44:35:986,46.97,10
35075986,9:44:35:986,46.97,85
35075986,9:44:35:986,46.97,25
35075986,9:44:35:986,46.97,90
35076021,9:44:36:21,46.96,1
35076021,9:44:36:21,46.96,100
35076021,9:44:36:21,46.96,99
35076021,9:44:36:21,46.96,100
35076021,9:44:36:21,46.96,100
35076022,9:44:36:22,46.96,100
35076022,9:44:36:22,46.95,127
35076054,9:44:36:54,46.95,100
35076054,9:44:36:54,46.95,100
35076054,9:44:36:54,46.95,100
35076054,9:44:36:54,46.95,100
35076054,9:44:36:54,46.94,100
35076060,9:44:36:60,46.94,100
35076060,9:44:36:60,46.93,26
35076060,9:44:36:60,46.93,47
35076079,9:44:36:79,46.94,100
35076101,9:44:36:101,46.92,40
35076233,9:44:36:233,46.93,300
35076797,9:44:36:797,46.88,10
35077015,9:44:37:15,46.88,100
35077701,9:44:37:701,46.91,100
35077702,9:44:37:702,46.91,100
35078780,9:44:38:780,46.93,100
35078795,9:44:38:795,46.95,1
35079701,9:44:39:701,46.95,400
35085484,9:44:45:484,46.93,8
35086977,9:44:46:977,46.95,100
35094607,9:44:54:607,46.95,100
35094607,9:44:54:607,46.95,100
35096687,9:44:56:687,46.95,100
35098354,9:44:58:354,46.96,100
35100933,9:45:0:933,46.96,100
35107705,9:45:7:705,46.96,1
35112080,9:45:12:80,46.95,1
35112426,9:45:12:426,46.97,100
35126711,9:45:26:711,46.98,100
35126711,9:45:26:711,46.99,200
35126722,9:45:26:722,46.99,100
35126722,9:45:26:722,46.99,100
35126861,9:45:26:861,46.99,100
35126873,9:45:26:873,46.99,300
35129266,9:45:29:266,46.97,100
35129876,9:45:29:876,46.985,300
35133454,9:45:33:454,47,100
35140637,9:45:40:637,46.97,72
35148942,9:45:48:942,46.98,100
35148942,9:45:48:942,46.97,17
35148942,9:45:48:942,46.97,100
35148942,9:45:48:942,46.97,100
35148942,9:45:48:942,46.97,89
35148942,9:45:48:942,46.97,128
35148945,9:45:48:945,46.97,100
35148952,9:45:48:952,46.975,100
35148952,9:45:48:952,46.97,100
35148954,9:45:48:954,46.97,100
35148955,9:45:48:955,46.98,100
35148964,9:45:48:964,46.96,10
35149476,9:45:49:476,46.96,90
35149492,9:45:49:492,46.955,10
35153516,9:45:53:516,46.97,100
35153516,9:45:53:516,46.97,30
35153516,9:45:53:516,46.97,70
35153517,9:45:53:517,46.97,30
35153517,9:45:53:517,46.97,30
35159032,9:45:59:32,46.98,100
35163020,9:46:3:20,46.97,100
35164183,9:46:4:183,46.97,300
35164187,9:46:4:187,46.97,300
35164189,9:46:4:189,46.97,1
35164190,9:46:4:190,46.97,100
35164190,9:46:4:190,46.97,10
35164190,9:46:4:190,46.97,99
35164193,9:46:4:193,46.96,25
35164193,9:46:4:193,46.96,100
35164193,9:46:4:193,46.96,75
35167638,9:46:7:638,46.95,90
35167643,9:46:7:643,46.94,10
35178784,9:46:18:784,46.959,80
35184949,9:46:24:949,46.941,42
35185950,9:46:25:950,46.95,63
35185950,9:46:25:950,46.95,12
35185950,9:46:25:950,46.95,37
35185951,9:46:25:951,46.95,100
35186015,9:46:26:15,46.95,100
35190407,9:46:30:407,46.935,500
35199843,9:46:39:843,46.94,100
35199843,9:46:39:843,46.94,100
35199843,9:46:39:843,46.94,100
35199846,9:46:39:846,46.95,100
35199846,9:46:39:846,46.95,100
35201196,9:46:41:196,46.96,100
35201196,9:46:41:196,46.96,100
35201340,9:46:41:340,46.96,100
35201340,9:46:41:340,46.96,100
35201343,9:46:41:343,46.96,100
35203309,9:46:43:309,46.97,100
35203372,9:46:43:372,46.97,100
35203375,9:46:43:375,46.97,100
35203375,9:46:43:375,46.97,100
35203375,9:46:43:375,46.97,300
35208072,9:46:48:72,46.98,100
35208072,9:46:48:72,46.98,100
35208072,9:46:48:72,46.98,200
35208072,9:46:48:72,46.98,30
35208072,9:46:48:72,46.98,70
35208072,9:46:48:72,46.98,200
35208334,9:46:48:334,46.98,100
35231140,9:47:11:140,46.97,300
35232644,9:47:12:644,46.95,200
35232985,9:47:12:985,46.97,100
35233058,9:47:13:58,46.97,1000
35235033,9:47:15:33,46.97,100
35235034,9:47:15:34,46.97,400
35237915,9:47:17:915,46.97,100
35237921,9:47:17:921,46.97,100
35237956,9:47:17:956,46.97,100
35239443,9:47:19:443,46.96,300
35240853,9:47:20:853,46.97,100
35241288,9:47:21:288,46.96,5000
35242122,9:47:22:122,46.98,100
35242122,9:47:22:122,46.98,400
35246223,9:47:26:223,46.975,1100
35246225,9:47:26:225,46.975,500
35246229,9:47:26:229,46.975,600
35247825,9:47:27:825,46.97,1
35251462,9:47:31:462,46.97,18
35257975,9:47:37:975,46.96,100
35257988,9:47:37:988,46.97,53
35258524,9:47:38:524,46.97,100
35260010,9:47:40:10,46.97,5
35280420,9:48:0:420,46.96,100
35280420,9:48:0:420,46.96,11
35280420,9:48:0:420,46.96,100
35280420,9:48:0:420,46.96,100
35280426,9:48:0:426,46.96,100
35280587,9:48:0:587,46.95,200
35280588,9:48:0:588,46.95,200
35286077,9:48:6:77,46.95,100
35286078,9:48:6:78,46.95,100
35291252,9:48:11:252,46.96,2500
35293074,9:48:13:74,46.95,100
35293075,9:48:13:75,46.95,100
35293079,9:48:13:79,46.95,100
35293088,9:48:13:88,46.94,200
35293089,9:48:13:89,46.94,6
35293209,9:48:13:209,46.94,157
35294142,9:48:14:142,46.95,100
35294144,9:48:14:144,46.94,100
35294144,9:48:14:144,46.94,100
35294146,9:48:14:146,46.95,100
35295335,9:48:15:335,46.95,600
35295335,9:48:15:335,46.95,100
35295865,9:48:15:865,46.95,100
35295865,9:48:15:865,46.95,100
35295867,9:48:15:867,46.95,100
35297473,9:48:17:473,46.96,100
35297473,9:48:17:473,46.96,200
35297753,9:48:17:753,46.96,100
35301422,9:48:21:422,46.98,100
35301422,9:48:21:422,46.98,200
35303100,9:48:23:100,46.99,100
35305006,9:48:25:6,46.99,100
35305501,9:48:25:501,46.99,100
35306837,9:48:26:837,46.99,100
35306970,9:48:26:970,47,100
35308925,9:48:28:925,47,80
35308925,9:48:28:925,47,100
35308925,9:48:28:925,47,20
35308925,9:48:28:925,47,80
35308925,9:48:28:925,47,20
35308925,9:48:28:925,47,100
35309298,9:48:29:298,47,1
35309551,9:48:29:551,47.005,500
35309565,9:48:29:565,47.005,500
35309661,9:48:29:661,47.005,500
35309851,9:48:29:851,47,100
35311400,9:48:31:400,47,500
35312053,9:48:32:53,46.99,100
35313574,9:48:33:574,46.97,57
35313574,9:48:33:574,46.97,43
35315801,9:48:35:801,46.97,200
35323171,9:48:43:171,46.97,100
35323172,9:48:43:172,46.97,100
35323356,9:48:43:356,46.98,100
35323356,9:48:43:356,46.98,100
35323763,9:48:43:763,46.97,8
35335663,9:48:55:663,46.97,600
35335665,9:48:55:665,46.97,400
35335668,9:48:55:668,46.96,200
35335669,9:48:55:669,46.97,100
35335669,9:48:55:669,46.96,400
35335669,9:48:55:669,46.97,100
35335670,9:48:55:670,46.97,100
35335670,9:48:55:670,46.96,100
35335670,9:48:55:670,46.97,100
35335670,9:48:55:670,46.97,100
35335670,9:48:55:670,46.97,100
35335670,9:48:55:670,46.97,100
35335670,9:48:55:670,46.97,100
35335672,9:48:55:672,46.97,100
35335672,9:48:55:672,46.97,100
35335735,9:48:55:735,46.97,100
35335782,9:48:55:782,46.97,100
35338093,9:48:58:93,46.97,35
35345108,9:49:5:108,46.98,43
35345108,9:49:5:108,46.98,57
35345108,9:49:5:108,46.98,200
35345108,9:49:5:108,46.98,34
35345108,9:49:5:108,46.98,100
35373707,9:49:33:707,46.99,300
35373707,9:49:33:707,46.99,1
35373707,9:49:33:707,46.99,100
35373717,9:49:33:717,47,100
35373717,9:49:33:717,47,100
35373717,9:49:33:717,47,100
35373727,9:49:33:727,47.01,100
35373727,9:49:33:727,47.01,200
35373727,9:49:33:727,47.01,100
35373727,9:49:33:727,47.01,100
35373727,9:49:33:727,47.01,299
35373727,9:49:33:727,47.01,101
35373727,9:49:33:727,47.01,100
35373734,9:49:33:734,47.01,100
35378791,9:49:38:791,47.02,8
35379123,9:49:39:123,47.02,92
35398120,9:49:58:120,47.02,100
35398120,9:49:58:120,47.02,100
35398120,9:49:58:120,47.02,100
35398120,9:49:58:120,47.02,142
35416629,9:50:16:629,47.0299,100
35416641,9:50:16:641,47.0298,500
35416649,9:50:16:649,47.027,100
35416671,9:50:16:671,47.027,100
35416673,9:50:16:673,47.03,200
35418223,9:50:18:223,47.0292,100
35418225,9:50:18:225,47.0292,100
35431809,9:50:31:809,47.03,200
35431809,9:50:31:809,47.03,100
35431809,9:50:31:809,47.03,200
35431809,9:50:31:809,47.03,100
35433556,9:50:33:556,47.03,100
35435733,9:50:35:733,47.035,1
35435733,9:50:35:733,47.04,99
35435733,9:50:35:733,47.04,1
35435733,9:50:35:733,47.04,100
35435733,9:50:35:733,47.04,100
35436541,9:50:36:541,47.05,50
35436541,9:50:36:541,47.05,50
35437325,9:50:37:325,47.05,100
35439039,9:50:39:39,47.05,50
35448302,9:50:48:302,47.07,8
35448303,9:50:48:303,47.07,49
35448303,9:50:48:303,47.07,43
35448304,9:50:48:304,47.08,100
35448304,9:50:48:304,47.08,100
35448304,9:50:48:304,47.08,1754
35448304,9:50:48:304,47.08,100
35448304,9:50:48:304,47.08,100
35448304,9:50:48:304,47.08,291
35448314,9:50:48:314,47.08,100
35449026,9:50:49:26,47.09,100
35449027,9:50:49:27,47.1,50
35449027,9:50:49:27,47.1,50
35451157,9:50:51:157,47.1,200
35451157,9:50:51:157,47.1,100
35458512,9:50:58:512,47.1,100
35458512,9:50:58:512,47.1,100
35458540,9:50:58:540,47.0998,37
35458540,9:50:58:540,47.095,37
35458541,9:50:58:541,47.1,50
35460212,9:51:0:212,47.1,148
35460212,9:51:0:212,47.1,100
35480192,9:51:20:192,47.1,2
35480192,9:51:20:192,47.11,198
35480198,9:51:20:198,47.1,100
35480198,9:51:20:198,47.1,28
35489447,9:51:29:447,47.11,100
35499825,9:51:39:825,47.11,80
35500040,9:51:40:40,47.11,4
35500241,9:51:40:241,47.11,398
35500253,9:51:40:253,47.11,1
35500291,9:51:40:291,47.12,2
35502033,9:51:42:33,47.12,100
35502033,9:51:42:33,47.12,30
35502033,9:51:42:33,47.12,70
35507861,9:51:47:861,47.13,100
35507861,9:51:47:861,47.13,50
35507861,9:51:47:861,47.12,50
35507949,9:51:47:949,47.12,300
35507949,9:51:47:949,47.12,94
35507950,9:51:47:950,47.12,17
35507950,9:51:47:950,47.12,100
35507950,9:51:47:950,47.12,150
35509114,9:51:49:114,47.13,100
35513498,9:51:53:498,47.13,100
35513498,9:51:53:498,47.13,100
35513498,9:51:53:498,47.13,100
35513498,9:51:53:498,47.13,100
35515231,9:51:55:231,47.13,100
35515232,9:51:55:232,47.13,100
35516816,9:51:56:816,47.14,100
35517231,9:51:57:231,47.15,100
35517231,9:51:57:231,47.15,100
35519227,9:51:59:227,47.16,50
35519229,9:51:59:229,47.18,50
35521233,9:52:1:233,47.17,100
35521233,9:52:1:233,47.17,100
35521233,9:52:1:233,47.17,100
35521233,9:52:1:233,47.17,100
35526231,9:52:6:231,47.18,100
35528583,9:52:8:583,47.17,200
35531231,9:52:11:231,47.17,100
35538964,9:52:18:964,47.14,100
35541375,9:52:21:375,47.18,100
35542128,9:52:22:128,47.1401,10
35546965,9:52:26:965,47.1572,100
35571554,9:52:51:554,47.14,8
35571554,9:52:51:554,47.14,100
35571555,9:52:51:555,47.14,100
35571555,9:52:51:555,47.14,61
35571555,9:52:51:555,47.14,100
35571555,9:52:51:555,47.14,39
35571555,9:52:51:555,47.14,100
35571555,9:52:51:555,47.14,100
35571555,9:52:51:555,47.14,100
35577829,9:52:57:829,47.14,300
35577842,9:52:57:842,47.125,100
35580824,9:53:0:824,47.125,100
35582794,9:53:2:794,47.125,200
35582794,9:53:2:794,47.14,100
35582794,9:53:2:794,47.14,100
35582794,9:53:2:794,47.14,100
35582794,9:53:2:794,47.14,100
35582794,9:53:2:794,47.14,100
35582794,9:53:2:794,47.14,100
35582794,9:53:2:794,47.14,100
35582794,9:53:2:794,47.14,600
35582794,9:53:2:794,47.14,100
35582794,9:53:2:794,47.14,100
35582794,9:53:2:794,47.14,100
35582795,9:53:2:795,47.14,100
35582795,9:53:2:795,47.14,100
35582795,9:53:2:795,47.14,100
35582796,9:53:2:796,47.14,100
35583017,9:53:3:17,47.15,9
35583082,9:53:3:82,47.15,700
35583083,9:53:3:83,47.15,9
35587013,9:53:7:13,47.15,100
35587013,9:53:7:13,47.15,100
35587013,9:53:7:13,47.15,100
35588746,9:53:8:746,47.13,5
35589373,9:53:9:373,47.145,200
35589380,9:53:9:380,47.13,11
35589385,9:53:9:385,47.13,100
35590530,9:53:10:530,47.145,200
35591479,9:53:11:479,47.1316,1500
35591493,9:53:11:493,47.16,100
35591493,9:53:11:493,47.16,100
35591493,9:53:11:493,47.16,200
35591493,9:53:11:493,47.16,100
35591493,9:53:11:493,47.16,100
35605069,9:53:25:69,47.18,200
35605070,9:53:25:70,47.18,100
35605071,9:53:25:71,47.2,1
35605071,9:53:25:71,47.2,1
35606085,9:53:26:85,47.17,126
35607018,9:53:27:18,47.19,100
35607018,9:53:27:18,47.19,600
35608054,9:53:28:54,47.19,300
35608055,9:53:28:55,47.19,10
35615638,9:53:35:638,47.16,7
35615638,9:53:35:638,47.16,7
35615638,9:53:35:638,47.16,93
35615638,9:53:35:638,47.16,100
35615638,9:53:35:638,47.16,57
35615646,9:53:35:646,47.17,200
35623860,9:53:43:860,47.16,100
35623891,9:53:43:891,47.16,100
35627483,9:53:47:483,47.1699,368
35627485,9:53:47:485,47.17,100
35627485,9:53:47:485,47.17,200
35627486,9:53:47:486,47.17,100
35627487,9:53:47:487,47.17,89
35627492,9:53:47:492,47.18,200
35627493,9:53:47:493,47.19,59
35627493,9:53:47:493,47.19,141
35637981,9:53:57:981,47.18,300
35637984,9:53:57:984,47.18,300
35647435,9:54:7:435,47.18,100
35656834,9:54:16:834,47.19,1300
35656834,9:54:16:834,47.19,100
35656834,9:54:16:834,47.19,1245
35656834,9:54:16:834,47.19,155
35656834,9:54:16:834,47.19,100
35656835,9:54:16:835,47.2,1900
35656836,9:54:16:836,47.19,30
35656836,9:54:16:836,47.19,70
35656836,9:54:16:836,47.19,100
35656951,9:54:16:951,47.19,100
35656955,9:54:16:955,47.19,100
35656955,9:54:16:955,47.19,18
35657041,9:54:17:41,47.185,100
35657047,9:54:17:47,47.185,100
35657048,9:54:17:48,47.19,100
35657077,9:54:17:77,47.19,100
35657080,9:54:17:80,47.185,100
35657093,9:54:17:93,47.0369,100
35657100,9:54:17:100,47.18,600
35657192,9:54:17:192,47.2,54
35657192,9:54:17:192,47.21,46
35657192,9:54:17:192,47.21,100
35657336,9:54:17:336,47.2,1
35657409,9:54:17:409,47.18,100
35661213,9:54:21:213,47.1999,249
35663033,9:54:23:33,47.1701,100
35672773,9:54:32:773,47.17,100
35672773,9:54:32:773,47.17,8
35672773,9:54:32:773,47.17,1
35672774,9:54:32:774,47.17,100
35672774,9:54:32:774,47.175,100
35672778,9:54:32:778,47.175,200
35672867,9:54:32:867,47.17,100
35672867,9:54:32:867,47.17,100
35672868,9:54:32:868,47.175,200
35672872,9:54:32:872,47.17,200
35672872,9:54:32:872,47.16,100
35672872,9:54:32:872,47.16,100
35675040,9:54:35:40,47.16,100
35675340,9:54:35:340,47.15,100
35675340,9:54:35:340,47.15,100
35675341,9:54:35:341,47.15,100
35675341,9:54:35:341,47.15,100
35675341,9:54:35:341,47.15,100
35675341,9:54:35:341,47.15,100
35675343,9:54:35:343,47.155,500
35676822,9:54:36:822,47.1301,100
35677435,9:54:37:435,47.15,100
35677435,9:54:37:435,47.15,100
35677435,9:54:37:435,47.15,100
35677435,9:54:37:435,47.15,100
35681357,9:54:41:357,47.17,100
35695021,9:54:55:21,47.18,50
35696190,9:54:56:190,47.1701,100
35698678,9:54:58:678,47.17,11
35698678,9:54:58:678,47.17,110
35698769,9:54:58:769,47.19,49
35698769,9:54:58:769,47.19,200
35698769,9:54:58:769,47.19,51
35704669,9:55:4:669,47.17,5
35705920,9:55:5:920,47.18,2
35731451,9:55:31:451,47.17,100
35731451,9:55:31:451,47.17,7
35731451,9:55:31:451,47.17,93
35731451,9:55:31:451,47.17,7
35731451,9:55:31:451,47.17,100
35736361,9:55:36:361,47.133,50
35740011,9:55:40:11,47.16,4
35741438,9:55:41:438,47.13,6
35741438,9:55:41:438,47.13,94
35741456,9:55:41:456,47.13,6
35752818,9:55:52:818,47.1101,38
35753742,9:55:53:742,47.11,5
35753742,9:55:53:742,47.11,5
35753742,9:55:53:742,47.11,95
35753742,9:55:53:742,47.11,95
35756144,9:55:56:144,47.0701,100
35768510,9:56:8:510,47.09,700
35768510,9:56:8:510,47.09,108
35768587,9:56:8:587,47.095,600
35772165,9:56:12:165,47.09,100
35772256,9:56:12:256,47.085,43
35772388,9:56:12:388,47.07,57
35785246,9:56:25:246,47.11,100
35785246,9:56:25:246,47.1,1
35786857,9:56:26:857,47.1,100
35786857,9:56:26:857,47.1,149
35786857,9:56:26:857,47.1,200
35787248,9:56:27:248,47.1,51
35787553,9:56:27:553,47.1,100
35794144,9:56:34:144,47.1,100
35796411,9:56:36:411,47.09,100
35796411,9:56:36:411,47.09,249
35796411,9:56:36:411,47.09,451
35801258,9:56:41:258,47.1,100
35802727,9:56:42:727,47.0501,100
35818971,9:56:58:971,47.06,100
35818971,9:56:58:971,47.05,100
35823491,9:57:3:491,47.0582,150
35833475,9:57:13:475,47.09,100
35833475,9:57:13:475,47.09,100
35833475,9:57:13:475,47.09,100
35833475,9:57:13:475,47.09,100
35833475,9:57:13:475,47.09,150
35833475,9:57:13:475,47.09,100
35833475,9:57:13:475,47.09,100
35833475,9:57:13:475,47.09,50
35833475,9:57:13:475,47.09,100
35833475,9:57:13:475,47.09,100
35833475,9:57:13:475,47.09,100
35833475,9:57:13:475,47.09,100
35833475,9:57:13:475,47.09,500
35834011,9:57:14:11,47.1,156
35834011,9:57:14:11,47.1,100
35834012,9:57:14:12,47.11,100
35842703,9:57:22:703,47.11,100
35860937,9:57:40:937,47.11,100
35869085,9:57:49:85,47.09,100
35869086,9:57:49:86,47.09,100
35869086,9:57:49:86,47.09,100
35869086,9:57:49:86,47.09,100
35871336,9:57:51:336,47.11,4
35885722,9:58:5:722,47.11,100
35885722,9:58:5:722,47.11,300
35885723,9:58:5:723,47.11,100
35885723,9:58:5:723,47.11,97
35885723,9:58:5:723,47.11,11
35885723,9:58:5:723,47.11,89
35885723,9:58:5:723,47.11,11
35886850,9:58:6:850,47.12,300
35886850,9:58:6:850,47.12,100
35886850,9:58:6:850,47.12,100
35892111,9:58:12:111,47.12,100
35894490,9:58:14:490,47.11,7
35894490,9:58:14:490,47.11,100
35895514,9:58:15:514,47.13,622
35897022,9:58:17:22,47.13,100
35902022,9:58:22:22,47.12,100
35906959,9:58:26:959,47.12,100
35906959,9:58:26:959,47.12,100
35906959,9:58:26:959,47.12,100
35906959,9:58:26:959,47.12,200
35906959,9:58:26:959,47.12,100
35906960,9:58:26:960,47.1175,100
35906961,9:58:26:961,47.13,100
35906961,9:58:26:961,47.13,313
35906961,9:58:26:961,47.13,100
35906962,9:58:26:962,47.12,100
35906962,9:58:26:962,47.12,100
35906965,9:58:26:965,47.14,100
35906965,9:58:26:965,47.14,30
35906966,9:58:26:966,47.13,100
35907022,9:58:27:22,47.14,100
35907610,9:58:27:610,47.12,100
35907610,9:58:27:610,47.12,100
35907612,9:58:27:612,47.12,670
35907612,9:58:27:612,47.12,300
35907613,9:58:27:613,47.12,100
35907616,9:58:27:616,47.12,600
35912022,9:58:32:22,47.15,200
35912022,9:58:32:22,47.15,100
35912023,9:58:32:23,47.15,100
35912023,9:58:32:23,47.15,100
35912023,9:58:32:23,47.15,100
35917023,9:58:37:23,47.15,100
35922023,9:58:42:23,47.15,100
35927023,9:58:47:23,47.15,100
35928956,9:58:48:956,47.15,100
35928956,9:58:48:956,47.15,200
35928957,9:58:48:957,47.15,2
35928957,9:58:48:957,47.15,100
35929023,9:58:49:23,47.16,100
35934022,9:58:54:22,47.17,100
35942299,9:59:2:299,47.16,226
35957145,9:59:17:145,47.1416,200
35957147,9:59:17:147,47.1416,100
35959978,9:59:19:978,47.16,10
35959979,9:59:19:979,47.16,2
35959979,9:59:19:979,47.16,88
35959979,9:59:19:979,47.16,9
35959979,9:59:19:979,47.16,36
35959979,9:59:19:979,47.16,1
35959979,9:59:19:979,47.16,39
35959989,9:59:19:989,47.16,100
35960183,9:59:20:183,47.16,100
35961023,9:59:21:23,47.16,100
35967035,9:59:27:35,47.15,100
35967035,9:59:27:35,47.15,100
35967035,9:59:27:35,47.15,20
35967035,9:59:27:35,47.15,100
35967035,9:59:27:35,47.15,100
35967036,9:59:27:36,47.15,100
35967036,9:59:27:36,47.15,100
35967036,9:59:27:36,47.15,100
35967036,9:59:27:36,47.15,500
35967161,9:59:27:161,47.1525,500
35967463,9:59:27:463,47.14,100
35967463,9:59:27:463,47.14,100
35967538,9:59:27:538,47.13,56
35967538,9:59:27:538,47.13,100
35967538,9:59:27:538,47.13,100
35967538,9:59:27:538,47.13,244
35967552,9:59:27:552,47.13,100
35971604,9:59:31:604,47.14,12
35972041,9:59:32:41,47.13,100
35973227,9:59:33:227,47.13,100
35974190,9:59:34:190,47.12,100
35974190,9:59:34:190,47.12,100
35974191,9:59:34:191,47.11,50
35974828,9:59:34:828,47.12,100
35976701,9:59:36:701,47.12,200
35976701,9:59:36:701,47.12,100
35976701,9:59:36:701,47.12,200
35976701,9:59:36:701,47.12,100
35976701,9:59:36:701,47.12,100
35976701,9:59:36:701,47.12,100
35980023,9:59:40:23,47.13,100
35980046,9:59:40:46,47.13,8
35998632,9:59:58:632,47.11,1
36000111,10:0:0:111,47.12,1200
36000160,10:0:0:160,47.11,100
36000164,10:0:0:164,47.12,100
36001019,10:0:1:19,47.125,100
36002357,10:0:2:357,47.13,100
36002357,10:0:2:357,47.13,100
36003134,10:0:3:134,47.13,100
36003135,10:0:3:135,47.13,192
36003135,10:0:3:135,47.13,200
36003135,10:0:3:135,47.13,100
36003135,10:0:3:135,47.13,100
36003135,10:0:3:135,47.13,100
36003145,10:0:3:145,47.13,100
36003145,10:0:3:145,47.13,64
36003160,10:0:3:160,47.13,100
36003497,10:0:3:497,47.13,1600
36004247,10:0:4:247,47.14,200
36005242,10:0:5:242,47.14,100
36005242,10:0:5:242,47.14,100
36005242,10:0:5:242,47.14,200
36005242,10:0:5:242,47.14,100
36005242,10:0:5:242,47.14,100
36005250,10:0:5:250,47.15,100
36006024,10:0:6:24,47.15,100
36006024,10:0:6:24,47.15,99
36015918,10:0:15:918,47.14,100
36015918,10:0:15:918,47.14,1
36015918,10:0:15:918,47.14,100
36015972,10:0:15:972,47.14,91
36015972,10:0:15:972,47.14,9
36016140,10:0:16:140,47.14,100
36023210,10:0:23:210,47.14,100
36027815,10:0:27:815,47.15,300
36027815,10:0:27:815,47.15,100
36027815,10:0:27:815,47.15,100
36027815,10:0:27:815,47.15,100
36027815,10:0:27:815,47.15,100
36027815,10:0:27:815,47.15,100
36027815,10:0:27:815,47.15,100
36032168,10:0:32:168,47.15,1
36032721,10:0:32:721,47.16,100
36032721,10:0:32:721,47.16,307
36032721,10:0:32:721,47.16,89
36032721,10:0:32:721,47.16,100
36032722,10:0:32:722,47.16,100
36032722,10:0:32:722,47.16,100
36032729,10:0:32:729,47.16,11
36032742,10:0:32:742,47.17,100
36047788,10:0:47:788,47.17,1
36049604,10:0:49:604,47.17,100
36049604,10:0:49:604,47.17,80
36049604,10:0:49:604,47.17,20
36049606,10:0:49:606,47.16,30
36049606,10:0:49:606,47.16,70
36049606,10:0:49:606,47.16,1
36049606,10:0:49:606,47.16,100
36049610,10:0:49:610,47.16,12
36049665,10:0:49:665,47.17,39
36049665,10:0:49:665,47.17,61
36066022,10:1:6:22,47.18,91
36066022,10:1:6:22,47.18,309
36066022,10:1:6:22,47.18,100
36068363,10:1:8:363,47.19,100
36069023,10:1:9:23,47.19,9
36069023,10:1:9:23,47.19,91
36069023,10:1:9:23,47.19,100
36070537,10:1:10:537,47.185,200
36071024,10:1:11:24,47.2,200
36075391,10:1:15:391,47.18,1
36076023,10:1:16:23,47.2,100
36081023,10:1:21:23,47.2,100
36086022,10:1:26:22,47.19,100
36099416,10:1:39:416,47.1701,100
36110246,10:1:50:246,47.17,100
36110247,10:1:50:247,47.17,99
36110247,10:1:50:247,47.17,1
36110846,10:1:50:846,47.19,200
36110846,10:1:50:846,47.19,9
36110846,10:1:50:846,47.19,100
36110846,10:1:50:846,47.19,100
36110846,10:1:50:846,47.19,100
36110846,10:1:50:846,47.19,100
36110846,10:1:50:846,47.19,91
36111023,10:1:51:23,47.2,100
36113729,10:1:53:729,47.2,100
36113729,10:1:53:729,47.2,100
36118023,10:1:58:23,47.2,100
36120020,10:2:0:20,47.2,100
36120020,10:2:0:20,47.2,100
36120022,10:2:0:22,47.2,56
36120022,10:2:0:22,47.2,100
36120022,10:2:0:22,47.2,1
36125468,10:2:5:468,47.19,28
36125469,10:2:5:469,47.19,172
36125470,10:2:5:470,47.195,100
36125470,10:2:5:470,47.19,10
36125470,10:2:5:470,47.19,90
36125470,10:2:5:470,47.19,100
36125470,10:2:5:470,47.19,10
36125592,10:2:5:592,47.19,10
36148698,10:2:28:698,47.18,100
36148698,10:2:28:698,47.18,100
36149525,10:2:29:525,47.19,20
36149525,10:2:29:525,47.19,10
36149525,10:2:29:525,47.19,70
36149525,10:2:29:525,47.19,10
36149545,10:2:29:545,47.18,200
36153201,10:2:33:201,47.18,7
36153202,10:2:33:202,47.18,100
36153202,10:2:33:202,47.18,100
36153202,10:2:33:202,47.185,100
36153202,10:2:33:202,47.18,100
36153209,10:2:33:209,47.18,100
36154522,10:2:34:522,47.175,22
36158204,10:2:38:204,47.17,100
36165219,10:2:45:219,47.17,100
36168983,10:2:48:983,47.1772,127
36175244,10:2:55:244,47.1722,220
36176023,10:2:56:23,47.18,100
36187169,10:3:7:169,47.165,100
36205159,10:3:25:159,47.17,1
36207354,10:3:27:354,47.18,8
36207670,10:3:27:670,47.16,100
36209614,10:3:29:614,47.16,100
36209616,10:3:29:616,47.1601,100
36209628,10:3:29:628,47.17,500
36211023,10:3:31:23,47.18,100
36211091,10:3:31:91,47.17,300
36216023,10:3:36:23,47.17,100
36233520,10:3:53:520,47.17,9
36233521,10:3:53:521,47.17,100
36233521,10:3:53:521,47.17,100
36233521,10:3:53:521,47.17,100
36233521,10:3:53:521,47.17,100
36233521,10:3:53:521,47.17,281
36233521,10:3:53:521,47.17,219
36233522,10:3:53:522,47.18,100
36233522,10:3:53:522,47.18,100
36233523,10:3:53:523,47.19,200
36233568,10:3:53:568,47.185,20
36233568,10:3:53:568,47.18,80
36234018,10:3:54:18,47.18,20
36234020,10:3:54:20,47.2,80
36240022,10:4:0:22,47.2,9
36249431,10:4:9:431,47.19,100
36268661,10:4:28:661,47.18,100
36293532,10:4:53:532,47.2,100
36293799,10:4:53:799,47.194,5
36299612,10:4:59:612,47.2,100
36299612,10:4:59:612,47.2,100
36299612,10:4:59:612,47.2,200
36299612,10:4:59:612,47.2,186
36299613,10:4:59:613,47.2,34
36299613,10:4:59:613,47.2,100
36299613,10:4:59:613,47.2,14
36299643,10:4:59:643,47.21,100
36299643,10:4:59:643,47.21,100
36299643,10:4:59:643,47.21,27
36299643,10:4:59:643,47.21,73
36303529,10:5:3:529,47.215,90
36305445,10:5:5:445,47.21,100
36305450,10:5:5:450,47.21,100
36305451,10:5:5:451,47.21,17
36305451,10:5:5:451,47.2,100
36305451,10:5:5:451,47.21,73
36305452,10:5:5:452,47.2,1
36305454,10:5:5:454,47.2,14
36305680,10:5:5:680,47.21,300
36328789,10:5:28:789,47.1901,300
36337779,10:5:37:779,47.2,100
36338052,10:5:38:52,47.2,100
36341969,10:5:41:969,47.19,382
36341970,10:5:41:970,47.19,99
36341970,10:5:41:970,47.19,1
36341970,10:5:41:970,47.19,87
36341970,10:5:41:970,47.19,100
36341970,10:5:41:970,47.19,87
36341970,10:5:41:970,47.19,13
36341971,10:5:41:971,47.18,100
36341979,10:5:41:979,47.195,200
36348083,10:5:48:83,47.19,100
36348083,10:5:48:83,47.19,100
36350457,10:5:50:457,47.19,300
36350458,10:5:50:458,47.19,100
36350458,10:5:50:458,47.19,100
36350458,10:5:50:458,47.19,100
36350458,10:5:50:458,47.19,100
36350458,10:5:50:458,47.19,100
36350459,10:5:50:459,47.2,100
36350459,10:5:50:459,47.2,77
36350459,10:5:50:459,47.2,23
36350459,10:5:50:459,47.2,5
36350467,10:5:50:467,47.2,100
36350472,10:5:50:472,47.2,95
36350479,10:5:50:479,47.21,100
36350479,10:5:50:479,47.21,20
36350479,10:5:50:479,47.21,100
36350480,10:5:50:480,47.21,100
36350480,10:5:50:480,47.21,100
36350494,10:5:50:494,47.22,200
36350497,10:5:50:497,47.22,100
36350497,10:5:50:497,47.22,100
36350499,10:5:50:499,47.22,100
36350511,10:5:50:511,47.23,100
36350514,10:5:50:514,47.23,100
36350531,10:5:50:531,47.24,2560
36350550,10:5:50:550,47.215,100
36351288,10:5:51:288,47.24,200
36351288,10:5:51:288,47.24,10
36351288,10:5:51:288,47.24,10
36351288,10:5:51:288,47.24,70
36351292,10:5:51:292,47.225,10
36371970,10:6:11:970,47.22,300
36371970,10:6:11:970,47.22,300
36376436,10:6:16:436,47.21,100
36376436,10:6:16:436,47.21,100
36376436,10:6:16:436,47.2,50
36376436,10:6:16:436,47.21,100
36376436,10:6:16:436,47.2,100
36376436,10:6:16:436,47.21,300
36376436,10:6:16:436,47.2,50
36376436,10:6:16:436,47.2,100
36376437,10:6:16:437,47.2,50
36376437,10:6:16:437,47.2,50
36376438,10:6:16:438,47.2,100
36376439,10:6:16:439,47.2,50
36376499,10:6:16:499,47.2,10
36387875,10:6:27:875,47.1901,400
36392802,10:6:32:802,47.2,7
36392803,10:6:32:803,47.2,93
36392803,10:6:32:803,47.2,7
36392803,10:6:32:803,47.2,10
36392812,10:6:32:812,47.2,100
36401638,10:6:41:638,47.2,99
36401638,10:6:41:638,47.2,1
36401750,10:6:41:750,47.2,100
36402640,10:6:42:640,47.2,100
36407551,10:6:47:551,47.195,200
36407864,10:6:47:864,47.19,100
36407864,10:6:47:864,47.19,10
36407872,10:6:47:872,47.19,100
36411695,10:6:51:695,47.19,100
36414876,10:6:54:876,47.19,20600
36414889,10:6:54:889,47.19,125
36414889,10:6:54:889,47.19,75
36414892,10:6:54:892,47.19,25
36414892,10:6:54:892,47.19,75
36414893,10:6:54:893,47.19,25
36414900,10:6:54:900,47.19,23
36414901,10:6:54:901,47.19,52
36415323,10:6:55:323,47.19,300
36416005,10:6:56:5,47.19,100
36416710,10:6:56:710,47.18,100
36420795,10:7:0:795,47.19,400
36422607,10:7:2:607,47.18,100
36425089,10:7:5:89,47.19,100
36425089,10:7:5:89,47.19,100
36425089,10:7:5:89,47.19,400
36425089,10:7:5:89,47.19,66
36425089,10:7:5:89,47.19,48
36425089,10:7:5:89,47.19,100
36425099,10:7:5:99,47.19,1
36435299,10:7:15:299,47.2,50
36435299,10:7:15:299,47.2,6
36435299,10:7:15:299,47.2,5
36435299,10:7:15:299,47.2,39
36435299,10:7:15:299,47.2,100
36435299,10:7:15:299,47.2,100
36435299,10:7:15:299,47.2,300
36435299,10:7:15:299,47.2,100
36435299,10:7:15:299,47.2,100
36435301,10:7:15:301,47.21,100
36435301,10:7:15:301,47.21,100
36435306,10:7:15:306,47.21,100
36435453,10:7:15:453,47.22,200
36435461,10:7:15:461,47.22,100
36435461,10:7:15:461,47.22,100
36435462,10:7:15:462,47.22,96
36435462,10:7:15:462,47.22,100
36435462,10:7:15:462,47.22,100
36435462,10:7:15:462,47.22,4
36448054,10:7:28:54,47.22,100
36448056,10:7:28:56,47.2201,100
36451119,10:7:31:119,47.24,100
36457146,10:7:37:146,47.22,100
36463431,10:7:43:431,47.22,100
36465504,10:7:45:504,47.2201,100
36475337,10:7:55:337,47.2201,100
36479562,10:7:59:562,47.24,20
36501522,10:8:21:522,47.22,200
36501522,10:8:21:522,47.22,16
36501522,10:8:21:522,47.22,100
36501522,10:8:21:522,47.22,5
36501523,10:8:21:523,47.22,46
36501523,10:8:21:523,47.22,100
36501523,10:8:21:523,47.22,84
36501524,10:8:21:524,47.22,100
36501562,10:8:21:562,47.19,10
36502821,10:8:22:821,47.22,1100
36502821,10:8:22:821,47.22,100
36502821,10:8:22:821,47.22,100
36502821,10:8:22:821,47.22,100
36502822,10:8:22:822,47.22,100
36502822,10:8:22:822,47.22,100
36502822,10:8:22:822,47.22,18
36502822,10:8:22:822,47.22,100
36502822,10:8:22:822,47.22,20
36504808,10:8:24:808,47.22,300
36504808,10:8:24:808,47.22,100
36504808,10:8:24:808,47.22,100
36504809,10:8:24:809,47.22,10
36504809,10:8:24:809,47.22,10
36504809,10:8:24:809,47.22,10
36507238,10:8:27:238,47.2101,100
36507469,10:8:27:469,47.21,5
36507470,10:8:27:470,47.21,100
36508276,10:8:28:276,47.1903,100
36519324,10:8:39:324,47.21,28
36519324,10:8:39:324,47.2,72
36521318,10:8:41:318,47.2,100
36530809,10:8:50:809,47.22,39
36542219,10:9:2:219,47.21,100
36546179,10:9:6:179,47.2,100
36560650,10:9:20:650,47.2,202
36560650,10:9:20:650,47.2,100
36560650,10:9:20:650,47.2,1
36560651,10:9:20:651,47.2,100
36560651,10:9:20:651,47.2,30
36560651,10:9:20:651,47.2,100
36567780,10:9:27:780,47.19,200
36567780,10:9:27:780,47.19,1
36570771,10:9:30:771,47.19,100
36571156,10:9:31:156,47.19,100
36571158,10:9:31:158,47.18,100
36572585,10:9:32:585,47.17,100
36579486,10:9:39:486,47.16,99
36579486,10:9:39:486,47.16,100
36579486,10:9:39:486,47.16,1
36579487,10:9:39:487,47.16,1
36582122,10:9:42:122,47.15,100
36584075,10:9:44:75,47.15,49
36585192,10:9:45:192,47.1499,1
36597463,10:9:57:463,47.1499,2
36597964,10:9:57:964,47.14,100
36598551,10:9:58:551,47.14,100
36598551,10:9:58:551,47.14,100
36598551,10:9:58:551,47.14,100
36598551,10:9:58:551,47.14,100
36598551,10:9:58:551,47.14,10
36598551,10:9:58:551,47.14,10
36598551,10:9:58:551,47.14,35
36598551,10:9:58:551,47.14,100
36598562,10:9:58:562,47.14,100
36598562,10:9:58:562,47.14,100
36598562,10:9:58:562,47.14,100
36598562,10:9:58:562,47.14,100
36598562,10:9:58:562,47.14,100
36598824,10:9:58:824,47.13,15
36598828,10:9:58:828,47.13,100
36599046,10:9:59:46,47.15,100
36599047,10:9:59:47,47.15,107
36599047,10:9:59:47,47.15,100
36599047,10:9:59:47,47.15,76
36606879,10:10:6:879,47.16,100
36606879,10:10:6:879,47.16,199
36606879,10:10:6:879,47.16,80
36606879,10:10:6:879,47.16,7
36606879,10:10:6:879,47.16,80
36606879,10:10:6:879,47.16,93
36606879,10:10:6:879,47.16,20
36606880,10:10:6:880,47.16,20
36620517,10:10:20:517,47.16,100
36620719,10:10:20:719,47.15,4
36620719,10:10:20:719,47.15,96
36643424,10:10:43:424,47.15,1200
36643758,10:10:43:758,47.13,100
36643759,10:10:43:759,47.14,100
36643760,10:10:43:760,47.1301,100
36643792,10:10:43:792,47.16,20
36644395,10:10:44:395,47.155,100
36644726,10:10:44:726,47.1925,100
36657498,10:10:57:498,47.13,100
36657849,10:10:57:849,47.14,100
36658740,10:10:58:740,47.15,400
36658740,10:10:58:740,47.15,100
36658740,10:10:58:740,47.15,200
36658740,10:10:58:740,47.15,64
36658740,10:10:58:740,47.15,36
36658741,10:10:58:741,47.15,100
36658741,10:10:58:741,47.15,100
36658741,10:10:58:741,47.15,100
36658742,10:10:58:742,47.16,1
36658743,10:10:58:743,47.17,1
36687861,10:11:27:861,47.17,200
36688687,10:11:28:687,47.15,100
36688689,10:11:28:689,47.1501,100
36697633,10:11:37:633,47.15,400
36697633,10:11:37:633,47.15,100
36697634,10:11:37:634,47.15,100
36697639,10:11:37:639,47.15,200
36697649,10:11:37:649,47.15,100
36719366,10:11:59:366,47.15,20
36744294,10:12:24:294,47.14,40
36744296,10:12:24:296,47.13,100
36744297,10:12:24:297,47.13,47
36744759,10:12:24:759,47.13,100
36746352,10:12:26:352,47.13,100
36746352,10:12:26:352,47.13,400
36746352,10:12:26:352,47.13,31
36746352,10:12:26:352,47.13,93
36746352,10:12:26:352,47.13,7
36746352,10:12:26:352,47.13,31
36746353,10:12:26:353,47.13,91
36747226,10:12:27:226,47.14,300
36747227,10:12:27:227,47.13,100
36749116,10:12:29:116,47.12,100
36757600,10:12:37:600,47.13,100
36757630,10:12:37:630,47.12,100
36764726,10:12:44:726,47.1429,100
36789247,10:13:9:247,47.13,30
36789247,10:13:9:247,47.13,70
36789777,10:13:9:777,47.13,16
36789777,10:13:9:777,47.13,84
36789777,10:13:9:777,47.13,80
36789777,10:13:9:777,47.13,16
36789777,10:13:9:777,47.13,100
36789777,10:13:9:777,47.13,6
36789777,10:13:9:777,47.13,100
36789777,10:13:9:777,47.13,14
36789777,10:13:9:777,47.13,18
36789777,10:13:9:777,47.13,284
36789777,10:13:9:777,47.13,5
36789777,10:13:9:777,47.13,95
36789778,10:13:9:778,47.14,200
36789778,10:13:9:778,47.14,100
36789834,10:13:9:834,47.14,5
36797574,10:13:17:574,47.14,100
36798257,10:13:18:257,47.15,100
36798258,10:13:18:258,47.15,100
36798258,10:13:18:258,47.15,100
36798258,10:13:18:258,47.15,100
36798258,10:13:18:258,47.15,500
36798258,10:13:18:258,47.15,12
36798258,10:13:18:258,47.15,1
36798258,10:13:18:258,47.15,88
36798258,10:13:18:258,47.15,100
36798258,10:13:18:258,47.15,63
36798258,10:13:18:258,47.15,116
36798258,10:13:18:258,47.15,12
36798258,10:13:18:258,47.15,88
36798258,10:13:18:258,47.15,100
36798259,10:13:18:259,47.15,100
36799003,10:13:19:3,47.16,100
36799003,10:13:19:3,47.16,300
36799004,10:13:19:4,47.16,100
36799004,10:13:19:4,47.16,50
36799004,10:13:19:4,47.16,50
36799012,10:13:19:12,47.17,12
36800717,10:13:20:717,47.18,3
36800718,10:13:20:718,47.18,150
36800719,10:13:20:719,47.18,40
36800720,10:13:20:720,47.18,7
36805084,10:13:25:84,47.2,100
36806077,10:13:26:77,47.19,100
36806077,10:13:26:77,47.19,3
36806077,10:13:26:77,47.19,100
36806077,10:13:26:77,47.19,300
36806077,10:13:26:77,47.18,100
36807538,10:13:27:538,47.1801,200
36809799,10:13:29:799,47.18,5
36823550,10:13:43:550,47.2,100
36823550,10:13:43:550,47.2,100
36823550,10:13:43:550,47.2,100
36825053,10:13:45:53,47.18,100
36825054,10:13:45:54,47.195,100
36832705,10:13:52:705,47.21,200
36837705,10:13:57:705,47.21,100
36842705,10:14:2:705,47.21,100
36844701,10:14:4:701,47.21,40
36844821,10:14:4:821,47.225,100
36846706,10:14:6:706,47.24,100
36848705,10:14:8:705,47.24,99
36848706,10:14:8:706,47.24,1
36859407,10:14:19:407,47.235,1200
36859706,10:14:19:706,47.25,100
36862718,10:14:22:718,47.235,100
36862723,10:14:22:723,47.235,100
36864705,10:14:24:705,47.25,100
36884766,10:14:44:766,47.1818,100
36915360,10:15:15:360,47.235,13
36920080,10:15:20:80,47.25,100
36923845,10:15:23:845,47.23,100
36923846,10:15:23:846,47.23,100
36923846,10:15:23:846,47.235,100
36923846,10:15:23:846,47.23,100
36923846,10:15:23:846,47.24,100
36923846,10:15:23:846,47.22,100
36923846,10:15:23:846,47.23,100
36923846,10:15:23:846,47.23,100
36923847,10:15:23:847,47.23,200
36923850,10:15:23:850,47.22,300
36923851,10:15:23:851,47.22,100
36923852,10:15:23:852,47.22,100
36923852,10:15:23:852,47.22,100
36924213,10:15:24:213,47.21,100
36924213,10:15:24:213,47.2,100
36924213,10:15:24:213,47.2,100
36924214,10:15:24:214,47.2,100
36924214,10:15:24:214,47.2,100
36924214,10:15:24:214,47.2,48
36925454,10:15:25:454,47.21,200
36925454,10:15:25:454,47.21,100
36925454,10:15:25:454,47.21,100
36925454,10:15:25:454,47.21,100
36925454,10:15:25:454,47.21,100
36925454,10:15:25:454,47.21,100
36925455,10:15:25:455,47.21,21
36925455,10:15:25:455,47.21,87
36925455,10:15:25:455,47.21,79
36925461,10:15:25:461,47.21,100
36926504,10:15:26:504,47.21,100
36926505,10:15:26:505,47.21,100
36926706,10:15:26:706,47.22,100
36928813,10:15:28:813,47.21,700
36928916,10:15:28:916,47.2,100
36928916,10:15:28:916,47.19,100
36928916,10:15:28:916,47.19,100
36928916,10:15:28:916,47.19,100
36928916,10:15:28:916,47.19,49
36928916,10:15:28:916,47.19,100
36930718,10:15:30:718,47.18,100
36939705,10:15:39:705,47.21,200
36944706,10:15:44:706,47.21,100
36949706,10:15:49:706,47.21,100
36951701,10:15:51:701,47.21,14
36951702,10:15:51:702,47.22,86
36993702,10:16:33:702,47.21,314
36993702,10:16:33:702,47.21,100
36993702,10:16:33:702,47.21,100
36993702,10:16:33:702,47.21,100
36993702,10:16:33:702,47.21,100
36994693,10:16:34:693,47.2,100
36999763,10:16:39:763,47.2,100
37024181,10:17:4:181,47.21,100
37024890,10:17:4:890,47.21,100
37024890,10:17:4:890,47.21,12
37024890,10:17:4:890,47.21,191
37024890,10:17:4:890,47.21,38
37024890,10:17:4:890,47.21,12
37024892,10:17:4:892,47.2,100
37025363,10:17:5:363,47.2,100
37025364,10:17:5:364,47.2,100
37035863,10:17:15:863,47.19,100
37040420,10:17:20:420,47.21,100
37043632,10:17:23:632,47.21,100
37043632,10:17:23:632,47.21,400
37043632,10:17:23:632,47.21,3
37043632,10:17:23:632,47.21,100
37043632,10:17:23:632,47.21,20
37043632,10:17:23:632,47.21,97
37043632,10:17:23:632,47.21,100
37043632,10:17:23:632,47.21,47
37043632,10:17:23:632,47.21,80
37043706,10:17:23:706,47.22,100
37044145,10:17:24:145,47.22,226
37044145,10:17:24:145,47.22,171
37044145,10:17:24:145,47.22,29
37044145,10:17:24:145,47.22,100
37044145,10:17:24:145,47.22,13
37044145,10:17:24:145,47.22,100
37044145,10:17:24:145,47.22,58
37044146,10:17:24:146,47.22,133
37047950,10:17:27:950,47.2103,100
37048705,10:17:28:705,47.23,100
37063598,10:17:43:598,47.22,200
37063598,10:17:43:598,47.22,100
37063598,10:17:43:598,47.22,200
37063600,10:17:43:600,47.23,100
37063600,10:17:43:600,47.22,100
37063831,10:17:43:831,47.23,100
37087489,10:18:7:489,47.23,100
37093414,10:18:13:414,47.23,1
37093415,10:18:13:415,47.23,200
37093415,10:18:13:415,47.22,1
37093416,10:18:13:416,47.22,100
37093416,10:18:13:416,47.22,100
37093416,10:18:13:416,47.22,100
37093417,10:18:13:417,47.22,100
37093422,10:18:13:422,47.22,200
37093429,10:18:13:429,47.22,100
37104443,10:18:24:443,47.225,1000
37108543,10:18:28:543,47.21,100
37108543,10:18:28:543,47.21,100
37110046,10:18:30:46,47.2001,100
37116920,10:18:36:920,47.2,100
37118965,10:18:38:965,47.2049,25
37138470,10:18:58:470,47.21,30
37141536,10:19:1:536,47.2,100
37141536,10:19:1:536,47.2,100
37141536,10:19:1:536,47.2,100
37141536,10:19:1:536,47.2,100
37141536,10:19:1:536,47.2,9
37141536,10:19:1:536,47.2,9
37141536,10:19:1:536,47.2,9
37141536,10:19:1:536,47.2,100
37141536,10:19:1:536,47.2,100
37141537,10:19:1:537,47.2,82
37143514,10:19:3:514,47.19,100
37143516,10:19:3:516,47.19,14
37169541,10:19:29:541,47.18,100
37181930,10:19:41:930,47.2,100
37181930,10:19:41:930,47.2,226
37181930,10:19:41:930,47.2,18
37181930,10:19:41:930,47.2,100
37181930,10:19:41:930,47.2,100
37181930,10:19:41:930,47.2,100
37181931,10:19:41:931,47.2,92
37181931,10:19:41:931,47.2,100
37181931,10:19:41:931,47.2,8
37181932,10:19:41:932,47.21,100
37181932,10:19:41:932,47.21,270
37181932,10:19:41:932,47.21,100
37182800,10:19:42:800,47.22,300
37182800,10:19:42:800,47.22,100
37182800,10:19:42:800,47.22,11
37182801,10:19:42:801,47.22,89
37182801,10:19:42:801,47.22,100
37192604,10:19:52:604,47.23,100
37192604,10:19:52:604,47.23,79
37192604,10:19:52:604,47.23,200
37192605,10:19:52:605,47.23,21
37195582,10:19:55:582,47.23,100
37201926,10:20:1:926,47.23,300
37201926,10:20:1:926,47.23,100
37202753,10:20:2:753,47.23,91
37202753,10:20:2:753,47.23,300
37202754,10:20:2:754,47.23,100
37202754,10:20:2:754,47.23,9
37202754,10:20:2:754,47.23,10
37202754,10:20:2:754,47.23,50
37202754,10:20:2:754,47.23,19
37202758,10:20:2:758,47.23,100
37202758,10:20:2:758,47.23,81
37202758,10:20:2:758,47.23,6
37212705,10:20:12:705,47.24,600
37212705,10:20:12:705,47.24,100
37212705,10:20:12:705,47.24,100
37212705,10:20:12:705,47.24,100
37212705,10:20:12:705,47.24,100
37212705,10:20:12:705,47.24,100
37212706,10:20:12:706,47.24,2
37212706,10:20:12:706,47.24,5
37212717,10:20:12:717,47.23,19
37217705,10:20:17:705,47.25,200
37217706,10:20:17:706,47.25,100
37217706,10:20:17:706,47.25,100
37218268,10:20:18:268,47.25,100
37219706,10:20:19:706,47.26,20
37219706,10:20:19:706,47.26,80
37221706,10:20:21:706,47.26,100
37221714,10:20:21:714,47.26,100
37222052,10:20:22:52,47.26,40
37222060,10:20:22:60,47.26,6
37222062,10:20:22:62,47.26,60
37227703,10:20:27:703,47.265,100
37230770,10:20:30:770,47.2501,100
37231084,10:20:31:84,47.27,100
37231084,10:20:31:84,47.27,100
37231084,10:20:31:84,47.27,100
37231703,10:20:31:703,47.265,100
37236706,10:20:36:706,47.27,100
37236715,10:20:36:715,47.27,100
37239859,10:20:39:859,47.27,9
37239860,10:20:39:860,47.27,100
37242705,10:20:42:705,47.27,100
37243394,10:20:43:394,47.27,300
37243395,10:20:43:395,47.27,100
37243395,10:20:43:395,47.27,100
37243395,10:20:43:395,47.27,100
37243399,10:20:43:399,47.27,100
37244705,10:20:44:705,47.28,100
37246705,10:20:46:705,47.29,100
37247154,10:20:47:154,47.28,12
37249400,10:20:49:400,47.27,87
37249400,10:20:49:400,47.27,13
37249400,10:20:49:400,47.27,200
37249401,10:20:49:401,47.27,100
37249401,10:20:49:401,47.265,100
37249401,10:20:49:401,47.26,200
37249406,10:20:49:406,47.26,100
37254007,10:20:54:7,47.25,200
37254008,10:20:54:8,47.25,100
37254008,10:20:54:8,47.25,100
37254008,10:20:54:8,47.25,43
37254008,10:20:54:8,47.25,143
37254009,10:20:54:9,47.25,57
37257413,10:20:57:413,47.25,100
37258073,10:20:58:73,47.25,100
37258073,10:20:58:73,47.25,200
37268098,10:21:8:98,47.25,65
37268332,10:21:8:332,47.25,100
37287289,10:21:27:289,47.25,100
37291079,10:21:31:79,47.26,100
37291091,10:21:31:91,47.26,172
37291091,10:21:31:91,47.26,100
37291091,10:21:31:91,47.26,200
37291092,10:21:31:92,47.26,28
37291092,10:21:31:92,47.26,72
37291092,10:21:31:92,47.26,10
37291092,10:21:31:92,47.26,18
37291092,10:21:31:92,47.26,82
37291092,10:21:31:92,47.26,18
37291112,10:21:31:112,47.255,35
37300617,10:21:40:617,47.27,10
37302797,10:21:42:797,47.27,100
37302797,10:21:42:797,47.27,100
37302797,10:21:42:797,47.27,100
37309030,10:21:49:30,47.265,200
37318638,10:21:58:638,47.27,8
37320015,10:22:0:15,47.26,10
37334213,10:22:14:213,47.2642,208
37350307,10:22:30:307,47.26,200
37350308,10:22:30:308,47.26,10
37350308,10:22:30:308,47.26,100
37350308,10:22:30:308,47.26,531
37350308,10:22:30:308,47.26,100
37350308,10:22:30:308,47.26,100
37350308,10:22:30:308,47.26,100
37350308,10:22:30:308,47.26,100
37350308,10:22:30:308,47.26,196
37350308,10:22:30:308,47.26,100
37350308,10:22:30:308,47.26,200
37350309,10:22:30:309,47.25,100
37350309,10:22:30:309,47.25,100
37351311,10:22:31:311,47.25,200
37351312,10:22:31:312,47.25,100
37352313,10:22:32:313,47.25,100
37354039,10:22:34:39,47.25,100
37364783,10:22:44:783,47.24,7
37364783,10:22:44:783,47.24,117
37364783,10:22:44:783,47.24,8
37364783,10:22:44:783,47.24,93
37364783,10:22:44:783,47.24,83
37364783,10:22:44:783,47.24,8
37364783,10:22:44:783,47.24,8
37364783,10:22:44:783,47.24,75
37364783,10:22:44:783,47.24,25
37364783,10:22:44:783,47.24,100
37364783,10:22:44:783,47.24,25
37364783,10:22:44:783,47.24,75
37364783,10:22:44:783,47.24,8
37364783,10:22:44:783,47.24,8
37364784,10:22:44:784,47.24,68
37364784,10:22:44:784,47.23,100
37364784,10:22:44:784,47.23,189
37364784,10:22:44:784,47.23,48
37364785,10:22:44:785,47.23,100
37364785,10:22:44:785,47.23,100
37364786,10:22:44:786,47.23,100
37366931,10:22:46:931,47.24,200
37380014,10:23:0:14,47.23,10
37386958,10:23:6:958,47.2365,100
37401859,10:23:21:859,47.24,100
37408819,10:23:28:819,47.2301,300
37412922,10:23:32:922,47.23,200
37412923,10:23:32:923,47.23,77
37412923,10:23:32:923,47.23,100
37412923,10:23:32:923,47.23,23
37412923,10:23:32:923,47.23,100
37422222,10:23:42:222,47.2337,100
37422318,10:23:42:318,47.23,100
37438555,10:23:58:555,47.23,100
37438556,10:23:58:556,47.23,4
37438556,10:23:58:556,47.23,162
37438556,10:23:58:556,47.23,125
37438556,10:23:58:556,47.23,100
37438556,10:23:58:556,47.23,100
37438557,10:23:58:557,47.22,100
37438558,10:23:58:558,47.22,48
37438558,10:23:58:558,47.22,100
37438558,10:23:58:558,47.22,100
37438558,10:23:58:558,47.22,100
37438558,10:23:58:558,47.22,100
37438558,10:23:58:558,47.22,10
37438558,10:23:58:558,47.22,100
37438567,10:23:58:567,47.23,100
37438573,10:23:58:573,47.22,100
37439816,10:23:59:816,47.22,10
37443828,10:24:3:828,47.22,100
37443828,10:24:3:828,47.22,3
37446963,10:24:6:963,47.21,100
37446964,10:24:6:964,47.21,23
37446969,10:24:6:969,47.2,100
37446969,10:24:6:969,47.2,48
37447701,10:24:7:701,47.2,1
37447701,10:24:7:701,47.2,99
37447701,10:24:7:701,47.2,32
37447701,10:24:7:701,47.2,100
37447701,10:24:7:701,47.2,200
37447701,10:24:7:701,47.2,100
37447701,10:24:7:701,47.2,200
37447701,10:24:7:701,47.2,100
37447701,10:24:7:701,47.2,100
37447702,10:24:7:702,47.2,22
37447702,10:24:7:702,47.21,85
37447702,10:24:7:702,47.21,100
37447703,10:24:7:703,47.21,100
37447703,10:24:7:703,47.21,15
37447703,10:24:7:703,47.205,100
37447703,10:24:7:703,47.21,10
37447703,10:24:7:703,47.21,90
37447703,10:24:7:703,47.21,10
37447727,10:24:7:727,47.22,100
37447744,10:24:7:744,47.21,100
37447837,10:24:7:837,47.22,100
37448705,10:24:8:705,47.22,300
37448705,10:24:8:705,47.22,100
37448705,10:24:8:705,47.22,100
37449326,10:24:9:326,47.22,200
37451229,10:24:11:229,47.22,100
37451703,10:24:11:703,47.22,100
37451703,10:24:11:703,47.22,200
37451704,10:24:11:704,47.22,100
37451704,10:24:11:704,47.22,100
37451724,10:24:11:724,47.22,100
37451724,10:24:11:724,47.22,10
37451724,10:24:11:724,47.22,10
37451724,10:24:11:724,47.22,100
37453705,10:24:13:705,47.23,300
37453705,10:24:13:705,47.23,100
37453705,10:24:13:705,47.23,100
37453706,10:24:13:706,47.23,100
37453706,10:24:13:706,47.23,20
37455463,10:24:15:463,47.24,300
37455470,10:24:15:470,47.24,200
37455484,10:24:15:484,47.24,200
37455705,10:24:15:705,47.24,200
37455705,10:24:15:705,47.24,100
37455706,10:24:15:706,47.24,100
37455708,10:24:15:708,47.25,100
37455755,10:24:15:755,47.25,100
37457433,10:24:17:433,47.25,100
37457454,10:24:17:454,47.255,26
37457695,10:24:17:695,47.26,100
37457695,10:24:17:695,47.26,100
37457696,10:24:17:696,47.26,100
37457696,10:24:17:696,47.26,100
37457696,10:24:17:696,47.26,100
37457696,10:24:17:696,47.26,100
37457698,10:24:17:698,47.255,74
37457702,10:24:17:702,47.26,100
37457704,10:24:17:704,47.26,80
37457706,10:24:17:706,47.26,10
37457707,10:24:17:707,47.27,74
37457707,10:24:17:707,47.27,100
37457711,10:24:17:711,47.26,90
37457728,10:24:17:728,47.26,100
37457763,10:24:17:763,47.27,17
37457764,10:24:17:764,47.27,100
37457764,10:24:17:764,47.27,100
37457764,10:24:17:764,47.27,83
37457811,10:24:17:811,47.26,100
37457851,10:24:17:851,47.26,100
37459704,10:24:19:704,47.255,100
37459706,10:24:19:706,47.27,100
37463853,10:24:23:853,47.255,1200
37464704,10:24:24:704,47.255,100
37464706,10:24:24:706,47.27,100
37467835,10:24:27:835,47.2403,400
37469705,10:24:29:705,47.27,100
37470672,10:24:30:672,47.2319,100
37470672,10:24:30:672,47.2319,200
37470674,10:24:30:674,47.2319,100
37471934,10:24:31:934,47.26,100
37472012,10:24:32:12,47.26,100
37472702,10:24:32:702,47.26,100
37474706,10:24:34:706,47.27,100
37477704,10:24:37:704,47.26,26
37483205,10:24:43:205,47.26,275
37483429,10:24:43:429,47.27,200
37483429,10:24:43:429,47.27,489
37483429,10:24:43:429,47.27,11
37483429,10:24:43:429,47.27,83
37483429,10:24:43:429,47.27,103
37483429,10:24:43:429,47.27,100
37483429,10:24:43:429,47.27,100
37483429,10:24:43:429,47.27,100
37483430,10:24:43:430,47.27,14
37483430,10:24:43:430,47.27,200
37483431,10:24:43:431,47.28,100
37485319,10:24:45:319,47.27,100
37485352,10:24:45:352,47.27,100
37493088,10:24:53:88,47.27,100
37495625,10:24:55:625,47.27,100
37501700,10:25:1:700,47.275,10
37508190,10:25:8:190,47.28,15
37521762,10:25:21:762,47.28,100
37529254,10:25:29:254,47.28,100
37529793,10:25:29:793,47.28,100
37538471,10:25:38:471,47.275,100
37542786,10:25:42:786,47.28,100
37546890,10:25:46:890,47.28,100
37546890,10:25:46:890,47.28,100
37546890,10:25:46:890,47.28,200
37546890,10:25:46:890,47.28,100
37546890,10:25:46:890,47.28,100
37546890,10:25:46:890,47.28,74
37546890,10:25:46:890,47.28,200
37546890,10:25:46:890,47.28,10
37546891,10:25:46:891,47.28,100
37546891,10:25:46:891,47.28,90
37546893,10:25:46:893,47.275,100
37546894,10:25:46:894,47.275,100
37563408,10:26:3:408,47.2737,100
37567941,10:26:7:941,47.28,100
37567941,10:26:7:941,47.28,100
37567941,10:26:7:941,47.28,200
37567941,10:26:7:941,47.28,100
37567941,10:26:7:941,47.28,100
37567942,10:26:7:942,47.27,100
37567942,10:26:7:942,47.275,100
37567947,10:26:7:947,47.28,200
37568055,10:26:8:55,47.28,100
37576997,10:26:16:997,47.27,254
37576997,10:26:16:997,47.27,100
37576997,10:26:16:997,47.27,100
37576997,10:26:16:997,47.27,89
37576998,10:26:16:998,47.27,100
37576998,10:26:16:998,47.27,100
37576998,10:26:16:998,47.27,257
37576998,10:26:16:998,47.27,100
37576998,10:26:16:998,47.27,100
37577374,10:26:17:374,47.27,100
37577374,10:26:17:374,47.27,100
37577374,10:26:17:374,47.27,800
37577374,10:26:17:374,47.27,100
37577374,10:26:17:374,47.27,100
37577374,10:26:17:374,47.27,100
37577380,10:26:17:380,47.27,200
37577705,10:26:17:705,47.28,400
37577705,10:26:17:705,47.28,70
37577705,10:26:17:705,47.28,100
37577705,10:26:17:705,47.28,100
37577705,10:26:17:705,47.28,10
37577705,10:26:17:705,47.28,20
37577705,10:26:17:705,47.28,100
37577705,10:26:17:705,47.28,30
37577960,10:26:17:960,47.28,100
37580704,10:26:20:704,47.29,380
37580704,10:26:20:704,47.29,20
37580704,10:26:20:704,47.29,100
37580704,10:26:20:704,47.29,100
37580704,10:26:20:704,47.29,300
37580704,10:26:20:704,47.29,100
37580704,10:26:20:704,47.29,100
37580704,10:26:20:704,47.29,100
37580704,10:26:20:704,47.29,100
37580704,10:26:20:704,47.29,100
37580704,10:26:20:704,47.29,100
37580704,10:26:20:704,47.29,100
37580705,10:26:20:705,47.29,100
37580825,10:26:20:825,47.29,100
37582705,10:26:22:705,47.3,100
37584705,10:26:24:705,47.3,50
37584720,10:26:24:720,47.31,1
37584720,10:26:24:720,47.32,100
37586625,10:26:26:625,47.3,46
37586706,10:26:26:706,47.33,100
37586706,10:26:26:706,47.33,100
37592706,10:26:32:706,47.33,100
37597705,10:26:37:705,47.33,100
37602705,10:26:42:705,47.33,100
37637552,10:27:17:552,47.34,100
37679415,10:27:59:415,47.31,5
37679426,10:27:59:426,47.31,100
37679426,10:27:59:426,47.31,100
37679426,10:27:59:426,47.31,100
37679426,10:27:59:426,47.31,100
37679426,10:27:59:426,47.31,339
37679426,10:27:59:426,47.31,100
37679426,10:27:59:426,47.31,100
37679426,10:27:59:426,47.325,100
37679427,10:27:59:427,47.31,100
37679427,10:27:59:427,47.31,100
37679427,10:27:59:427,47.31,100
37679427,10:27:59:427,47.31,61
37679427,10:27:59:427,47.31,100
37679427,10:27:59:427,47.31,100
37679427,10:27:59:427,47.31,100
37679427,10:27:59:427,47.31,39
37679427,10:27:59:427,47.31,61
37679427,10:27:59:427,47.31,39
37679430,10:27:59:430,47.325,200
37679439,10:27:59:439,47.31,100
37679542,10:27:59:542,47.31,100
37679706,10:27:59:706,47.31,100
37680084,10:28:0:84,47.31,50
37680085,10:28:0:85,47.32,50
37680086,10:28:0:86,47.32,50
37680086,10:28:0:86,47.32,50
37680086,10:28:0:86,47.32,100
37681705,10:28:1:705,47.32,100
37683145,10:28:3:145,47.31,200
37683146,10:28:3:146,47.31,1
37683146,10:28:3:146,47.31,100
37683695,10:28:3:695,47.3,100
37684459,10:28:4:459,47.31,100
37684462,10:28:4:462,47.32,82
37684480,10:28:4:480,47.31,10
37684481,10:28:4:481,47.31,52
37684705,10:28:4:705,47.32,100
37685245,10:28:5:245,47.3,100
37689706,10:28:9:706,47.31,100
37703097,10:28:23:97,47.301,300
37703097,10:28:23:97,47.301,293
37707703,10:28:27:703,47.305,100
37709336,10:28:29:336,47.3,100
37709704,10:28:29:704,47.305,100
37711969,10:28:31:969,47.3,200
37711969,10:28:31:969,47.3,100
37711969,10:28:31:969,47.3,10
37711969,10:28:31:969,47.3,10
37711969,10:28:31:969,47.3,38
37711970,10:28:31:970,47.3,100
37717690,10:28:37:690,47.295,100
37719703,10:28:39:703,47.3,49
37727923,10:28:47:923,47.29,100
37731021,10:28:51:21,47.3,100
37731021,10:28:51:21,47.3,100
37731022,10:28:51:22,47.3,100
37731023,10:28:51:23,47.3,100
37732760,10:28:52:760,47.29,300
37740561,10:29:0:561,47.29,100
37740561,10:29:0:561,47.29,9
37740561,10:29:0:561,47.29,100
37740561,10:29:0:561,47.29,100
37740561,10:29:0:561,47.29,100
37755591,10:29:15:591,47.29,100
37770891,10:29:30:891,47.27,82
37770891,10:29:30:891,47.27,18
37770891,10:29:30:891,47.27,49
37770891,10:29:30:891,47.27,82
37770891,10:29:30:891,47.27,18
37770891,10:29:30:891,47.27,18
37770891,10:29:30:891,47.27,18
37770891,10:29:30:891,47.27,12
37770978,10:29:30:978,47.26,1
37771383,10:29:31:383,47.26,99
37774775,10:29:34:775,47.25,100
37784917,10:29:44:917,47.25,100
37784918,10:29:44:918,47.25,100
37784918,10:29:44:918,47.25,100
37784918,10:29:44:918,47.25,83
37784918,10:29:44:918,47.25,17
37789639,10:29:49:639,47.23,18
37789639,10:29:49:639,47.23,200
37789639,10:29:49:639,47.23,100
37789639,10:29:49:639,47.23,100
37789640,10:29:49:640,47.23,282
37789640,10:29:49:640,47.23,71
37789640,10:29:49:640,47.23,29
37789640,10:29:49:640,47.24,100
37789648,10:29:49:648,47.23,100
37789834,10:29:49:834,47.22,100
37789841,10:29:49:841,47.22,100
37792725,10:29:52:725,47.21,100
37793864,10:29:53:864,47.21,200
37794799,10:29:54:799,47.21,100
37795775,10:29:55:775,47.19,100
37795777,10:29:55:777,47.19,100
37795779,10:29:55:779,47.19,100
37795795,10:29:55:795,47.18,1
37795795,10:29:55:795,47.18,1
37795841,10:29:55:841,47.17,200
37795841,10:29:55:841,47.17,100
37795841,10:29:55:841,47.17,100
37808523,10:30:8:523,47.16,39
37809381,10:30:9:381,47.1501,100
37815626,10:30:15:626,47.17,50
37815626,10:30:15:626,47.17,100
37815626,10:30:15:626,47.17,200
37815626,10:30:15:626,47.16,14
37815626,10:30:15:626,47.17,100
37815626,10:30:15:626,47.17,50
37815626,10:30:15:626,47.17,100
37815626,10:30:15:626,47.16,11
37815626,10:30:15:626,47.17,50
37815626,10:30:15:626,47.16,4
37815626,10:30:15:626,47.17,100
37815626,10:30:15:626,47.17,65
37815626,10:30:15:626,47.17,35
37815626,10:30:15:626,47.16,11
37815626,10:30:15:626,47.17,200
37815626,10:30:15:626,47.17,100
37815626,10:30:15:626,47.17,28
37815626,10:30:15:626,47.17,100
37815626,10:30:15:626,47.17,300
37815626,10:30:15:626,47.17,72
37815626,10:30:15:626,47.17,100
37815626,10:30:15:626,47.17,300
37815626,10:30:15:626,47.17,100
37815628,10:30:15:628,47.18,55
37815628,10:30:15:628,47.18,100
37815634,10:30:15:634,47.17,100
37815636,10:30:15:636,47.18,100
37815637,10:30:15:637,47.175,1000
37815684,10:30:15:684,47.175,100
37815706,10:30:15:706,47.18,100
37817210,10:30:17:210,47.18,200
37817210,10:30:17:210,47.18,200
37817210,10:30:17:210,47.18,100
37817210,10:30:17:210,47.18,38
37817210,10:30:17:210,47.18,100
37817211,10:30:17:211,47.18,100
37817211,10:30:17:211,47.18,7
37817211,10:30:17:211,47.18,100
37817211,10:30:17:211,47.18,38
37817211,10:30:17:211,47.18,62
37817213,10:30:17:213,47.18,100
37817215,10:30:17:215,47.18,100
37817216,10:30:17:216,47.18,100
37817702,10:30:17:702,47.185,100
37820097,10:30:20:97,47.19,100
37822705,10:30:22:705,47.19,100
37827705,10:30:27:705,47.19,100
37830139,10:30:30:139,47.19,12
37830139,10:30:30:139,47.19,88
37832706,10:30:32:706,47.19,100
37832865,10:30:32:865,47.18,100
37835705,10:30:35:705,47.19,100
37835707,10:30:35:707,47.19,12
37844440,10:30:44:440,47.195,444
37848260,10:30:48:260,47.19,100
37848260,10:30:48:260,47.19,400
37848260,10:30:48:260,47.19,100
37848260,10:30:48:260,47.19,100
37848260,10:30:48:260,47.19,100
37850162,10:30:50:162,47.19,100
37850163,10:30:50:163,47.18,80
37850163,10:30:50:163,47.18,100
37850163,10:30:50:163,47.18,100
37850163,10:30:50:163,47.18,100
37850163,10:30:50:163,47.18,100
37862737,10:31:2:737,47.17,200
37862750,10:31:2:750,47.18,11
37862751,10:31:2:751,47.18,200
37866025,10:31:6:25,47.17,100
37866965,10:31:6:965,47.17,10
37869246,10:31:9:246,47.16,100
37870115,10:31:10:115,47.16,100
37872294,10:31:12:294,47.17,100
37872863,10:31:12:863,47.16,100
37873285,10:31:13:285,47.16,108
37873287,10:31:13:287,47.15,100
37873287,10:31:13:287,47.15,77
37873288,10:31:13:288,47.15,1
37873288,10:31:13:288,47.15,22
37873289,10:31:13:289,47.14,78
37873289,10:31:13:289,47.14,100
37873298,10:31:13:298,47.12,37
37904538,10:31:44:538,47.12,5
37906814,10:31:46:814,47.12,95
37906814,10:31:46:814,47.12,5
37910153,10:31:50:153,47.12,1
37956955,10:32:36:955,47.12,100
37957522,10:32:37:522,47.14,100
37961458,10:32:41:458,47.13,1000
37961621,10:32:41:621,47.13,1
37961636,10:32:41:636,47.13,100
37961636,10:32:41:636,47.13,100
37961676,10:32:41:676,47.13,99
37963005,10:32:43:5,47.13,11
37963589,10:32:43:589,47.13,200
37978004,10:32:58:4,47.12,100
37979704,10:32:59:704,47.14,300
37979704,10:32:59:704,47.14,100
37979705,10:32:59:705,47.14,100
37981554,10:33:1:554,47.13,100
37985705,10:33:5:705,47.13,89
37985705,10:33:5:705,47.13,11
37985705,10:33:5:705,47.13,100
37985720,10:33:5:720,47.13,100
37985721,10:33:5:721,47.12,100
37985735,10:33:5:735,47.12,100
37985736,10:33:5:736,47.12,100
37985736,10:33:5:736,47.12,1
37986007,10:33:6:7,47.12,100
37986007,10:33:6:7,47.12,89
37986007,10:33:6:7,47.12,100
37986007,10:33:6:7,47.12,11
37986007,10:33:6:7,47.12,100
37986007,10:33:6:7,47.12,72
37986007,10:33:6:7,47.12,17
37986007,10:33:6:7,47.12,100
37986007,10:33:6:7,47.12,100
37986007,10:33:6:7,47.12,28
37986007,10:33:6:7,47.12,100
37986007,10:33:6:7,47.12,100
37987706,10:33:7:706,47.13,100
37990251,10:33:10:251,47.12,100
37992706,10:33:12:706,47.13,100
37997705,10:33:17:705,47.13,100
38026219,10:33:46:219,47.13,200
38026219,10:33:46:219,47.13,100
38026219,10:33:46:219,47.13,100
38026219,10:33:46:219,47.13,100
38026219,10:33:46:219,47.13,100
38026220,10:33:46:220,47.13,9
38026220,10:33:46:220,47.13,100
38026220,10:33:46:220,47.13,100
38026227,10:33:46:227,47.14,100
38026227,10:33:46:227,47.14,100
38026227,10:33:46:227,47.14,200
38026228,10:33:46:228,47.14,19
38026228,10:33:46:228,47.14,100
38026228,10:33:46:228,47.15,495
38026229,10:33:46:229,47.15,29
38026229,10:33:46:229,47.15,100
38026229,10:33:46:229,47.15,71
38026229,10:33:46:229,47.15,72
38026229,10:33:46:229,47.15,97
38026229,10:33:46:229,47.15,117
38026229,10:33:46:229,47.15,63
38026229,10:33:46:229,47.15,28
38026229,10:33:46:229,47.15,100
38026240,10:33:46:240,47.16,300
38026240,10:33:46:240,47.16,100
38026240,10:33:46:240,47.15,37
38026251,10:33:46:251,47.16,105
38026269,10:33:46:269,47.17,100
38026269,10:33:46:269,47.17,100
38026269,10:33:46:269,47.18,100
38026269,10:33:46:269,47.18,483
38026271,10:33:46:271,47.18,100
38026272,10:33:46:272,47.18,100
38026272,10:33:46:272,47.19,100
38026272,10:33:46:272,47.19,100
38026272,10:33:46:272,47.19,100
38026274,10:33:46:274,47.2,100
38026274,10:33:46:274,47.2,100
38026274,10:33:46:274,47.2,55
38026276,10:33:46:276,47.21,100
38026276,10:33:46:276,47.21,100
38026276,10:33:46:276,47.21,100
38026276,10:33:46:276,47.21,100
38026276,10:33:46:276,47.21,100
38026276,10:33:46:276,47.21,100
38026277,10:33:46:277,47.22,100
38026277,10:33:46:277,47.21,100
38026277,10:33:46:277,47.22,100
38026277,10:33:46:277,47.22,100
38026277,10:33:46:277,47.22,100
38026277,10:33:46:277,47.21,100
38026277,10:33:46:277,47.21,100
38026277,10:33:46:277,47.21,97
38026277,10:33:46:277,47.21,100
38026277,10:33:46:277,47.21,100
38026277,10:33:46:277,47.21,100
38026278,10:33:46:278,47.21,100
38026278,10:33:46:278,47.21,100
38026278,10:33:46:278,47.21,100
38026278,10:33:46:278,47.21,100
38026278,10:33:46:278,47.21,100
38026278,10:33:46:278,47.21,100
38026278,10:33:46:278,47.2,100
38026279,10:33:46:279,47.21,100
38026279,10:33:46:279,47.21,100
38026279,10:33:46:279,47.2,200
38026281,10:33:46:281,47.21,10
38026281,10:33:46:281,47.21,90
38026281,10:33:46:281,47.21,10
38026281,10:33:46:281,47.22,10
38026281,10:33:46:281,47.22,100
38026281,10:33:46:281,47.22,100
38026281,10:33:46:281,47.22,100
38026281,10:33:46:281,47.22,10
38026281,10:33:46:281,47.22,80
38026281,10:33:46:281,47.22,100
38026283,10:33:46:283,47.22,20
38026283,10:33:46:283,47.22,10
38026283,10:33:46:283,47.23,100
38026283,10:33:46:283,47.23,100
38026283,10:33:46:283,47.23,70
38026283,10:33:46:283,47.23,200
38026283,10:33:46:283,47.23,100
38026284,10:33:46:284,47.23,30
38026284,10:33:46:284,47.23,100
38026284,10:33:46:284,47.23,100
38026284,10:33:46:284,47.23,100
38026285,10:33:46:285,47.23,100
38026287,10:33:46:287,47.24,100
38026287,10:33:46:287,47.24,100
38026287,10:33:46:287,47.24,10
38026287,10:33:46:287,47.24,100
38026287,10:33:46:287,47.24,100
38026287,10:33:46:287,47.24,100
38026287,10:33:46:287,47.24,100
38026287,10:33:46:287,47.24,100
38026287,10:33:46:287,47.24,100
38026288,10:33:46:288,47.24,100
38026288,10:33:46:288,47.24,100
38026289,10:33:46:289,47.24,100
38026289,10:33:46:289,47.24,100
38026290,10:33:46:290,47.25,100
38026290,10:33:46:290,47.25,200
38026290,10:33:46:290,47.25,100
38026291,10:33:46:291,47.25,100
38026291,10:33:46:291,47.25,100
38026291,10:33:46:291,47.25,100
38026291,10:33:46:291,47.25,100
38026291,10:33:46:291,47.25,100
38026292,10:33:46:292,47.25,100
38026292,10:33:46:292,47.25,100
38026292,10:33:46:292,47.25,100
38026292,10:33:46:292,47.25,100
38026293,10:33:46:293,47.25,100
38026294,10:33:46:294,47.26,100
38026294,10:33:46:294,47.26,102
38026301,10:33:46:301,47.24,100
38026301,10:33:46:301,47.17,100
38029162,10:33:49:162,47.23,500
38029162,10:33:49:162,47.23,200
38029162,10:33:49:162,47.23,300
38029163,10:33:49:163,47.25,100
38029163,10:33:49:163,47.23,79
38029163,10:33:49:163,47.23,100
38029163,10:33:49:163,47.23,100
38029163,10:33:49:163,47.23,100
38029222,10:33:49:222,47.2,100
38029222,10:33:49:222,47.2,100
38029222,10:33:49:222,47.2,300
38029222,10:33:49:222,47.2,100
38029229,10:33:49:229,47.19,100
38029229,10:33:49:229,47.19,100
38029229,10:33:49:229,47.19,100
38029229,10:33:49:229,47.19,100
38029230,10:33:49:230,47.19,100
38029230,10:33:49:230,47.19,100
38029230,10:33:49:230,47.19,100
38029230,10:33:49:230,47.19,100
38029980,10:33:49:980,47.2,100
38029980,10:33:49:980,47.2,100
38029980,10:33:49:980,47.2,100
38029980,10:33:49:980,47.2,500
38029980,10:33:49:980,47.2,100
38029980,10:33:49:980,47.2,100
38029981,10:33:49:981,47.2,100
38029981,10:33:49:981,47.2,100
38029981,10:33:49:981,47.2,100
38029981,10:33:49:981,47.2,10
38029981,10:33:49:981,47.2,90
38029981,10:33:49:981,47.2,10
38029981,10:33:49:981,47.2,10
38029981,10:33:49:981,47.2,100
38029982,10:33:49:982,47.2,100
38029982,10:33:49:982,47.2,100
38029982,10:33:49:982,47.2,100
38029982,10:33:49:982,47.2,100
38029982,10:33:49:982,47.2,100
38029983,10:33:49:983,47.2,63
38029983,10:33:49:983,47.2,37
38029983,10:33:49:983,47.2,100
38029983,10:33:49:983,47.2,100
38029987,10:33:49:987,47.2,100
38029987,10:33:49:987,47.2,100
38029987,10:33:49:987,47.2,100
38034210,10:33:54:210,47.21,100
38037976,10:33:57:976,47.21,100
38041487,10:34:1:487,47.2097,200
38043096,10:34:3:96,47.21,100
38048211,10:34:8:211,47.21,100
38053252,10:34:13:252,47.21,100
38058893,10:34:18:893,47.21,100
38059123,10:34:19:123,47.19,100
38068350,10:34:28:350,47.19,200
38071545,10:34:31:545,47.19,200
38071545,10:34:31:545,47.19,100
38071545,10:34:31:545,47.19,100
38071545,10:34:31:545,47.19,100
38071545,10:34:31:545,47.19,100
38071549,10:34:31:549,47.18,300
38071549,10:34:31:549,47.18,100
38071549,10:34:31:549,47.18,86
38071549,10:34:31:549,47.18,100
38071549,10:34:31:549,47.18,100
38071550,10:34:31:550,47.19,100
38072184,10:34:32:184,47.17,200
38072959,10:34:32:959,47.17,100
38072960,10:34:32:960,47.17,100
38072960,10:34:32:960,47.17,1
38072960,10:34:32:960,47.17,1
38072960,10:34:32:960,47.17,5
38074260,10:34:34:260,47.17,10
38074829,10:34:34:829,47.18,600
38074829,10:34:34:829,47.18,400
38074829,10:34:34:829,47.18,100
38074829,10:34:34:829,47.18,100
38074829,10:34:34:829,47.18,10
38074829,10:34:34:829,47.18,100
38074829,10:34:34:829,47.18,100
38074829,10:34:34:829,47.18,100
38075411,10:34:35:411,47.18,100
38075411,10:34:35:411,47.18,13
38077978,10:34:37:978,47.17,100
38077978,10:34:37:978,47.17,100
38099582,10:34:59:582,47.18,20
38100969,10:35:0:969,47.1798,200
38135122,10:35:35:122,47.17,100
38135457,10:35:35:457,47.17,10
38135457,10:35:35:457,47.17,10
38135466,10:35:35:466,47.18,100
38150326,10:35:50:326,47.16,82
38156474,10:35:56:474,47.18,40
38156499,10:35:56:499,47.1798,200
38158210,10:35:58:210,47.18,160
38163414,10:36:3:414,47.2149,100
38163415,10:36:3:415,47.2149,100
38163554,10:36:3:554,47.16,600
38170704,10:36:10:704,47.17,300
38170704,10:36:10:704,47.17,100
38171355,10:36:11:355,47.16,100
38172705,10:36:12:705,47.17,100
38172705,10:36:12:705,47.17,100
38177705,10:36:17:705,47.17,100
38182705,10:36:22:705,47.17,100
38186073,10:36:26:73,47.17,200
38186073,10:36:26:73,47.17,300
38186073,10:36:26:73,47.17,200
38186073,10:36:26:73,47.17,100
38186073,10:36:26:73,47.17,100
38186073,10:36:26:73,47.17,300
38186074,10:36:26:74,47.17,100
38186074,10:36:26:74,47.17,100
38186074,10:36:26:74,47.17,1
38186074,10:36:26:74,47.17,99
38186075,10:36:26:75,47.18,400
38186075,10:36:26:75,47.18,100
38186075,10:36:26:75,47.18,100
38186075,10:36:26:75,47.18,100
38186075,10:36:26:75,47.18,100
38186075,10:36:26:75,47.18,100
38186075,10:36:26:75,47.18,100
38186076,10:36:26:76,47.18,58
38186077,10:36:26:77,47.18,42
38186092,10:36:26:92,47.19,100
38186092,10:36:26:92,47.2,100
38186092,10:36:26:92,47.19,100
38186093,10:36:26:93,47.19,200
38186094,10:36:26:94,47.19,100
38186117,10:36:26:117,47.19,100
38186186,10:36:26:186,47.19,200
38186187,10:36:26:187,47.18,100
38186706,10:36:26:706,47.19,200
38186744,10:36:26:744,47.2,200
38188706,10:36:28:706,47.2,200
38192415,10:36:32:415,47.19,100
38193705,10:36:33:705,47.2,100
38194807,10:36:34:807,47.18,5
38198221,10:36:38:221,47.2,100
38198223,10:36:38:223,47.2,100
38198223,10:36:38:223,47.2,100
38198224,10:36:38:224,47.2,100
38198669,10:36:38:669,47.2,100
38198705,10:36:38:705,47.2,100
38201805,10:36:41:805,47.18,71
38203705,10:36:43:705,47.2,200
38203705,10:36:43:705,47.2,100
38205705,10:36:45:705,47.21,100
38207705,10:36:47:705,47.21,100
38212706,10:36:52:706,47.21,100
38242523,10:37:22:523,47.21,23
38242523,10:37:22:523,47.21,77
38242523,10:37:22:523,47.21,100
38242523,10:37:22:523,47.21,100
38242523,10:37:22:523,47.21,100
38242523,10:37:22:523,47.21,100
38242523,10:37:22:523,47.21,100
38242523,10:37:22:523,47.21,7
38242523,10:37:22:523,47.21,100
38242523,10:37:22:523,47.21,51
38242523,10:37:22:523,47.21,42
38242530,10:37:22:530,47.22,200
38242531,10:37:22:531,47.22,100
38242532,10:37:22:532,47.22,100
38242536,10:37:22:536,47.22,100
38242541,10:37:22:541,47.22,100
38242705,10:37:22:705,47.23,100
38247705,10:37:27:705,47.23,100
38247890,10:37:27:890,47.23,100
38249168,10:37:29:168,47.21,9
38252516,10:37:32:516,47.23,100
38252516,10:37:32:516,47.23,100
38252516,10:37:32:516,47.23,100
38252516,10:37:32:516,47.23,100
38252516,10:37:32:516,47.23,100
38252516,10:37:32:516,47.23,3
38252533,10:37:32:533,47.23,1
38257428,10:37:37:428,47.23,6
38257667,10:37:37:667,47.23,1
38259373,10:37:39:373,47.23,2
38260224,10:37:40:224,47.23,1
38261049,10:37:41:49,47.23,1
38261964,10:37:41:964,47.23,1
38263098,10:37:43:98,47.23,1
38263805,10:37:43:805,47.23,1
38265186,10:37:45:186,47.23,200
38266236,10:37:46:236,47.23,2
38266880,10:37:46:880,47.23,1
38268437,10:37:48:437,47.23,1
38269126,10:37:49:126,47.23,1
38270438,10:37:50:438,47.23,1
38270520,10:37:50:520,47.23,1300
38270529,10:37:50:529,47.23,1
38272437,10:37:52:437,47.23,1
38273430,10:37:53:430,47.23,1
38274442,10:37:54:442,47.23,1
38275100,10:37:55:100,47.23,1
38276178,10:37:56:178,47.23,1
38276941,10:37:56:941,47.23,73
38279559,10:37:59:559,47.24,100
38283217,10:38:3:217,47.23,300
38283218,10:38:3:218,47.23,100
38283218,10:38:3:218,47.23,100
38283218,10:38:3:218,47.23,95
38283218,10:38:3:218,47.23,43
38298528,10:38:18:528,47.22,100
38298528,10:38:18:528,47.22,200
38298528,10:38:18:528,47.23,100
38298528,10:38:18:528,47.22,100
38298528,10:38:18:528,47.22,100
38298530,10:38:18:530,47.21,100
38298530,10:38:18:530,47.21,100
38298530,10:38:18:530,47.21,100
38301489,10:38:21:489,47.22,100
38301489,10:38:21:489,47.22,100
38301489,10:38:21:489,47.22,100
38301489,10:38:21:489,47.22,100
38304892,10:38:24:892,47.22,100
38307085,10:38:27:85,47.22,97
38307085,10:38:27:85,47.22,100
38307085,10:38:27:85,47.22,3
38307085,10:38:27:85,47.22,8
38307085,10:38:27:85,47.22,20
38307085,10:38:27:85,47.22,100
38307085,10:38:27:85,47.22,8
38307086,10:38:27:86,47.22,92
38307086,10:38:27:86,47.22,8
38308705,10:38:28:705,47.22,100
38308836,10:38:28:836,47.215,100
38313705,10:38:33:705,47.22,100
38321532,10:38:41:532,47.21,100
38323769,10:38:43:769,47.21,100
38323769,10:38:43:769,47.21,100
38323770,10:38:43:770,47.21,200
38323770,10:38:43:770,47.21,100
38323780,10:38:43:780,47.21,100
38346053,10:39:6:53,47.2,100
38346053,10:39:6:53,47.2,100
38346055,10:39:6:55,47.19,100
38346055,10:39:6:55,47.19,100
38346067,10:39:6:67,47.19,600
38354045,10:39:14:45,47.19,100
38354046,10:39:14:46,47.19,100
38354049,10:39:14:49,47.18,100
38354049,10:39:14:49,47.18,100
38354049,10:39:14:49,47.18,3
38354050,10:39:14:50,47.18,1
38354050,10:39:14:50,47.18,1
38354056,10:39:14:56,47.18,99
38358469,10:39:18:469,47.19,1
38359656,10:39:19:656,47.18,53
38359656,10:39:19:656,47.18,47
38370284,10:39:30:284,47.1701,300
38381978,10:39:41:978,47.175,100
38395001,10:39:55:1,47.17,38
38395703,10:39:55:703,47.175,100
38398305,10:39:58:305,47.17,100
38409610,10:40:9:610,47.17,11
38420015,10:40:20:15,47.18,100
38420016,10:40:20:16,47.18,33
38420016,10:40:20:16,47.18,67
38420016,10:40:20:16,47.18,100
38420016,10:40:20:16,47.18,100
38420016,10:40:20:16,47.18,100
38420016,10:40:20:16,47.18,100
38420016,10:40:20:16,47.18,100
38420016,10:40:20:16,47.18,100
38420017,10:40:20:17,47.18,100
38420017,10:40:20:17,47.18,33
38420017,10:40:20:17,47.18,100
38420018,10:40:20:18,47.18,200
38420020,10:40:20:20,47.18,100
38420021,10:40:20:21,47.18,100
38420021,10:40:20:21,47.18,10
38420021,10:40:20:21,47.18,10
38420705,10:40:20:705,47.19,100
38421353,10:40:21:353,47.19,200
38421353,10:40:21:353,47.19,100
38421353,10:40:21:353,47.19,100
38421353,10:40:21:353,47.19,100
38422705,10:40:22:705,47.21,100
38423171,10:40:23:171,47.21,50
38423192,10:40:23:192,47.21,100
38424705,10:40:24:705,47.22,100
38429707,10:40:29:707,47.22,100
38458254,10:40:58:254,47.2002,120
38477722,10:41:17:722,47.2,100
38477722,10:41:17:722,47.21,100
38477722,10:41:17:722,47.2,200
38477722,10:41:17:722,47.2,100
38477722,10:41:17:722,47.2,100
38477723,10:41:17:723,47.2,100
38477723,10:41:17:723,47.2,100
38477725,10:41:17:725,47.19,100
38477725,10:41:17:725,47.19,100
38483434,10:41:23:434,47.19,1200
38488111,10:41:28:111,47.19,100
38492982,10:41:32:982,47.19,200
38492982,10:41:32:982,47.19,89
38492982,10:41:32:982,47.19,100
38492982,10:41:32:982,47.19,100
38527972,10:42:7:972,47.19,13
38533944,10:42:13:944,47.2,6
38548235,10:42:28:235,47.1801,300
38584603,10:43:4:603,47.19,87
38603637,10:43:23:637,47.19,200
38606523,10:43:26:523,47.19,1000
38609135,10:43:29:135,47.18,100
38609135,10:43:29:135,47.18,100
38613650,10:43:33:650,47.18,100
38613650,10:43:33:650,47.18,100
38613650,10:43:33:650,47.18,100
38613650,10:43:33:650,47.18,100
38613650,10:43:33:650,47.18,77
38613650,10:43:33:650,47.18,23
38635723,10:43:55:723,47.17,100
38635723,10:43:55:723,47.17,200
38635723,10:43:55:723,47.17,100
38635724,10:43:55:724,47.17,300
38635724,10:43:55:724,47.17,100
38637705,10:43:57:705,47.17,200
38638684,10:43:58:684,47.1601,200
38639706,10:43:59:706,47.17,100
38644705,10:44:4:705,47.17,100
38647208,10:44:7:208,47.165,202
38648395,10:44:8:395,47.16,200
38648396,10:44:8:396,47.16,100
38648396,10:44:8:396,47.16,600
38648396,10:44:8:396,47.16,100
38648396,10:44:8:396,47.16,100
38648399,10:44:8:399,47.15,400
38648705,10:44:8:705,47.15,100
38648880,10:44:8:880,47.15,200
38648880,10:44:8:880,47.15,100
38648880,10:44:8:880,47.15,100
38648880,10:44:8:880,47.15,100
38648880,10:44:8:880,47.15,100
38648880,10:44:8:880,47.15,100
38648880,10:44:8:880,47.15,100
38648880,10:44:8:880,47.15,100
38648880,10:44:8:880,47.15,100
38648880,10:44:8:880,47.15,20
38648881,10:44:8:881,47.16,100
38648881,10:44:8:881,47.16,100
38648881,10:44:8:881,47.16,100
38649124,10:44:9:124,47.16,100
38649467,10:44:9:467,47.17,92
38649467,10:44:9:467,47.17,184
38649467,10:44:9:467,47.17,460
38649467,10:44:9:467,47.17,8
38649468,10:44:9:468,47.17,2
38649468,10:44:9:468,47.17,40
38649468,10:44:9:468,47.17,100
38649468,10:44:9:468,47.17,100
38649468,10:44:9:468,47.17,168
38649468,10:44:9:468,47.17,32
38649468,10:44:9:468,47.17,14
38650705,10:44:10:705,47.18,100
38650706,10:44:10:706,47.18,100
38651008,10:44:11:8,47.18,100
38652705,10:44:12:705,47.18,100
38652705,10:44:12:705,47.18,100
38655742,10:44:15:742,47.1897,200
38655743,10:44:15:743,47.1897,100
38655743,10:44:15:743,47.1897,100
38655744,10:44:15:744,47.1897,100
38657705,10:44:17:705,47.19,100
38694690,10:44:54:690,47.19,22
38699934,10:44:59:934,47.19,10
38701188,10:45:1:188,47.19,100
38701315,10:45:1:315,47.19,200
38701315,10:45:1:315,47.19,100
38701315,10:45:1:315,47.19,68
38701315,10:45:1:315,47.19,100
38701315,10:45:1:315,47.19,100
38701315,10:45:1:315,47.19,18
38701315,10:45:1:315,47.19,82
38701315,10:45:1:315,47.19,18
38701315,10:45:1:315,47.19,82
38702678,10:45:2:678,47.19,100
38702679,10:45:2:679,47.19,100
38707781,10:45:7:781,47.2,100
38707781,10:45:7:781,47.2,100
38716898,10:45:16:898,47.21,1
38716898,10:45:16:898,47.21,100
38716898,10:45:16:898,47.21,100
38716898,10:45:16:898,47.21,200
38716901,10:45:16:901,47.22,61
38725085,10:45:25:85,47.22,28
38728399,10:45:28:399,47.22,100
38728399,10:45:28:399,47.22,100
38728399,10:45:28:399,47.22,100
38728399,10:45:28:399,47.22,300
38728399,10:45:28:399,47.22,86
38750871,10:45:50:871,47.24,100
38750872,10:45:50:872,47.24,100
38750873,10:45:50:873,47.24,100
38751338,10:45:51:338,47.235,100
38751579,10:45:51:579,47.25,47
38751579,10:45:51:579,47.25,53
38751734,10:45:51:734,47.25,10
38752840,10:45:52:840,47.25,100
38753454,10:45:53:454,47.26,100
38754429,10:45:54:429,47.26,100
38754429,10:45:54:429,47.26,100
38754429,10:45:54:429,47.26,100
38754429,10:45:54:429,47.26,100
38754429,10:45:54:429,47.26,100
38754432,10:45:54:432,47.255,100
38754436,10:45:54:436,47.26,100
38758680,10:45:58:680,47.26,39
38758680,10:45:58:680,47.26,61
38758680,10:45:58:680,47.26,400
38758680,10:45:58:680,47.26,39
38758680,10:45:58:680,47.26,400
38758680,10:45:58:680,47.26,100
38758680,10:45:58:680,47.26,65
38758680,10:45:58:680,47.26,100
38758681,10:45:58:681,47.26,300
38758691,10:45:58:691,47.26,400
38761403,10:46:1:403,47.2518,199
38769903,10:46:9:903,47.25,55
38769903,10:46:9:903,47.25,100
38769903,10:46:9:903,47.25,2
38769903,10:46:9:903,47.25,245
38769903,10:46:9:903,47.25,100
38769904,10:46:9:904,47.24,100
38769905,10:46:9:905,47.24,100
38769905,10:46:9:905,47.24,65
38769905,10:46:9:905,47.24,35
38769905,10:46:9:905,47.24,365
38769905,10:46:9:905,47.24,200
38769905,10:46:9:905,47.24,100
38789900,10:46:29:900,47.24,200
38791424,10:46:31:424,47.24,200
38791424,10:46:31:424,47.24,100
38791425,10:46:31:425,47.24,100
38793542,10:46:33:542,47.23,300
38795559,10:46:35:559,47.23,100
38795564,10:46:35:564,47.22,100
38795564,10:46:35:564,47.22,100
38795564,10:46:35:564,47.22,9
38795564,10:46:35:564,47.23,100
38795830,10:46:35:830,47.23,200
38795830,10:46:35:830,47.23,100
38795830,10:46:35:830,47.23,200
38795831,10:46:35:831,47.23,100
38795831,10:46:35:831,47.23,100
38795831,10:46:35:831,47.23,100
38796046,10:46:36:46,47.22,200
38796995,10:46:36:995,47.24,400
38796995,10:46:36:995,47.24,100
38796995,10:46:36:995,47.24,100
38796995,10:46:36:995,47.24,100
38796995,10:46:36:995,47.24,20
38796999,10:46:36:999,47.24,100
38797722,10:46:37:722,47.25,200
38798833,10:46:38:833,47.25,1000
38804773,10:46:44:773,47.246,67
38812702,10:46:52:702,47.25,100
38817703,10:46:57:703,47.25,100
38820569,10:47:0:569,47.26,10
38822215,10:47:2:215,47.26,100
38832975,10:47:12:975,47.26,100
38839668,10:47:19:668,47.25,100
38840936,10:47:20:936,47.25,212
38842670,10:47:22:670,47.255,100
38848660,10:47:28:660,47.26,100
38876592,10:47:56:592,47.25,26
38879516,10:47:59:516,47.26,20
38895998,10:48:15:998,47.25,100
38909363,10:48:29:363,47.255,100
38911686,10:48:31:686,47.25,300
38913926,10:48:33:926,47.25,100
38915681,10:48:35:681,47.255,200
38918327,10:48:38:327,47.25,100
38918327,10:48:38:327,47.25,2
38918327,10:48:38:327,47.25,100
38918327,10:48:38:327,47.25,100
38918327,10:48:38:327,47.25,100
38918328,10:48:38:328,47.24,200
38918328,10:48:38:328,47.24,100
38918328,10:48:38:328,47.24,100
38939776,10:48:59:776,47.23,98
38939776,10:48:59:776,47.23,2
38939776,10:48:59:776,47.23,2
38939776,10:48:59:776,47.23,99
38939776,10:48:59:776,47.23,48
38939776,10:48:59:776,47.23,52
38939776,10:48:59:776,47.23,1
38939777,10:48:59:777,47.23,100
38939777,10:48:59:777,47.23,100
38939789,10:48:59:789,47.23,100
38948575,10:49:8:575,47.22,100
38948816,10:49:8:816,47.23,100
38948816,10:49:8:816,47.23,200
38948826,10:49:8:826,47.225,800
38948829,10:49:8:829,47.225,300
38949206,10:49:9:206,47.23,100
38949802,10:49:9:802,47.23,300
38949802,10:49:9:802,47.23,100
38949802,10:49:9:802,47.23,100
38949802,10:49:9:802,47.23,600
38949802,10:49:9:802,47.23,100
38949802,10:49:9:802,47.23,100
38949802,10:49:9:802,47.23,100
38949802,10:49:9:802,47.23,100
38949802,10:49:9:802,47.23,100
38949802,10:49:9:802,47.23,100
38949802,10:49:9:802,47.23,100
38949802,10:49:9:802,47.23,100
38949803,10:49:9:803,47.24,200
38949803,10:49:9:803,47.24,100
38949803,10:49:9:803,47.24,100
38949804,10:49:9:804,47.24,100
38949804,10:49:9:804,47.24,100
38949804,10:49:9:804,47.24,100
38949811,10:49:9:811,47.235,200
38949887,10:49:9:887,47.24,60
38951589,10:49:11:589,47.24,100
38952164,10:49:12:164,47.25,100
38976484,10:49:36:484,47.24,100
38976484,10:49:36:484,47.24,41
38976484,10:49:36:484,47.24,91
38976484,10:49:36:484,47.24,100
38976484,10:49:36:484,47.24,100
38976484,10:49:36:484,47.24,9
38976484,10:49:36:484,47.24,100
38976484,10:49:36:484,47.24,59
38976484,10:49:36:484,47.24,338
38976484,10:49:36:484,47.24,162
38987715,10:49:47:715,47.24,20
38987719,10:49:47:719,47.24,20
38994257,10:49:54:257,47.24,100
39000049,10:50:0:49,47.24,400
39000049,10:50:0:49,47.24,100
39000049,10:50:0:49,47.24,100
39000049,10:50:0:49,47.24,200
39000049,10:50:0:49,47.24,100
39000591,10:50:0:591,47.25,300
39000591,10:50:0:591,47.25,80
39003532,10:50:3:532,47.26,75
39003533,10:50:3:533,47.26,100
39003534,10:50:3:534,47.26,25
39005820,10:50:5:820,47.26,15
39005820,10:50:5:820,47.26,400
39005821,10:50:5:821,47.26,200
39005821,10:50:5:821,47.26,200
39006050,10:50:6:50,47.26,1000
39009338,10:50:9:338,47.26,100
39018369,10:50:18:369,47.25,100
39018705,10:50:18:705,47.26,100
39018705,10:50:18:705,47.26,100
39023706,10:50:23:706,47.26,100
39025705,10:50:25:705,47.26,100
39025706,10:50:25:706,47.26,100
39025706,10:50:25:706,47.26,45
39025706,10:50:25:706,47.26,55
39025706,10:50:25:706,47.26,100
39025706,10:50:25:706,47.26,200
39025706,10:50:25:706,47.26,100
39025706,10:50:25:706,47.26,100
39025706,10:50:25:706,47.26,20
39025706,10:50:25:706,47.26,85
39025706,10:50:25:706,47.26,100
39025708,10:50:25:708,47.27,100
39025708,10:50:25:708,47.27,100
39027705,10:50:27:705,47.28,100
39027710,10:50:27:710,47.28,100
39027710,10:50:27:710,47.28,68
39029705,10:50:29:705,47.28,100
39031705,10:50:31:705,47.28,32
39031705,10:50:31:705,47.28,68
39045291,10:50:45:291,47.27,51
39049503,10:50:49:503,47.28,100
39058379,10:50:58:379,47.28,30
39059403,10:50:59:403,47.27,13
39077666,10:51:17:666,47.27,100
39077666,10:51:17:666,47.27,200
39077666,10:51:17:666,47.27,4
39077666,10:51:17:666,47.27,105
39077666,10:51:17:666,47.27,100
39077666,10:51:17:666,47.27,100
39078768,10:51:18:768,47.27,300
39078768,10:51:18:768,47.27,100
39078768,10:51:18:768,47.27,100
39078768,10:51:18:768,47.27,100
39078768,10:51:18:768,47.27,100
39078769,10:51:18:769,47.27,100
39098513,10:51:38:513,47.27,6
39098513,10:51:38:513,47.27,94
39102048,10:51:42:48,47.26,35
39102048,10:51:42:48,47.26,116
39102048,10:51:42:48,47.26,100
39102048,10:51:42:48,47.26,50
39102048,10:51:42:48,47.26,50
39102048,10:51:42:48,47.26,3
39120039,10:52:0:39,47.25,10
39128307,10:52:8:307,47.25,100
39128308,10:52:8:308,47.25,15
39128309,10:52:8:309,47.25,15
39128309,10:52:8:309,47.25,15
39128309,10:52:8:309,47.25,70
39128318,10:52:8:318,47.25,100
39133098,10:52:13:98,47.25,153
39157277,10:52:37:277,47.24,1
39157277,10:52:37:277,47.24,5
39157278,10:52:37:278,47.24,1
39157279,10:52:37:279,47.24,95
39157279,10:52:37:279,47.24,1
39157286,10:52:37:286,47.24,13
39160350,10:52:40:350,47.24,100
39160350,10:52:40:350,47.24,99
39160350,10:52:40:350,47.24,100
39160351,10:52:40:351,47.24,100
39160351,10:52:40:351,47.24,7
39160351,10:52:40:351,47.24,93
39160351,10:52:40:351,47.24,100
39160351,10:52:40:351,47.24,100
39160351,10:52:40:351,47.25,100
39160352,10:52:40:352,47.25,100
39160352,10:52:40:352,47.25,320
39160352,10:52:40:352,47.25,100
39160352,10:52:40:352,47.25,100
39160499,10:52:40:499,47.25,100
39162165,10:52:42:165,47.255,100
39171131,10:52:51:131,47.26,100
39171131,10:52:51:131,47.26,200
39171131,10:52:51:131,47.26,100
39171132,10:52:51:132,47.26,100
39171132,10:52:51:132,47.26,100
39203174,10:53:23:174,47.26,100
39203174,10:53:23:174,47.26,400
39203175,10:53:23:175,47.26,1
39203175,10:53:23:175,47.26,100
39203175,10:53:23:175,47.26,100
39215706,10:53:35:706,47.27,11
39215706,10:53:35:706,47.27,89
39215707,10:53:35:707,47.26,100
39215707,10:53:35:707,47.26,100
39215707,10:53:35:707,47.26,8
39215711,10:53:35:711,47.25,100
39217706,10:53:37:706,47.25,100
39234778,10:53:54:778,47.25,100
39234778,10:53:54:778,47.25,100
39234778,10:53:54:778,47.25,100
39234778,10:53:54:778,47.25,100
39234778,10:53:54:778,47.25,100
39234778,10:53:54:778,47.25,100
39234787,10:53:54:787,47.26,100
39234919,10:53:54:919,47.26,100
39234919,10:53:54:919,47.26,100
39234919,10:53:54:919,47.26,100
39235706,10:53:55:706,47.27,100
39235887,10:53:55:887,47.27,100
39235887,10:53:55:887,47.27,100
39240706,10:54:0:706,47.28,100
39245433,10:54:5:433,47.27,100
39245433,10:54:5:433,47.27,100
39246334,10:54:6:334,47.2452,100
39246334,10:54:6:334,47.2452,100
39246996,10:54:6:996,47.27,100
39274883,10:54:34:883,47.26,200
39274884,10:54:34:884,47.26,100
39274884,10:54:34:884,47.26,100
39274887,10:54:34:887,47.25,200
39274958,10:54:34:958,47.26,100
39291852,10:54:51:852,47.255,1100
39291854,10:54:51:854,47.255,1100
39291968,10:54:51:968,47.25,100
39292865,10:54:52:865,47.26,100
39292865,10:54:52:865,47.26,200
39292865,10:54:52:865,47.26,100
39292865,10:54:52:865,47.26,100
39292865,10:54:52:865,47.26,100
39292865,10:54:52:865,47.26,100
39292865,10:54:52:865,47.26,20
39292865,10:54:52:865,47.26,100
39292950,10:54:52:950,47.27,2
39293106,10:54:53:106,47.27,200
39293110,10:54:53:110,47.27,100
39304394,10:55:4:394,47.275,13
39318656,10:55:18:656,47.28,100
39318656,10:55:18:656,47.28,116
39318657,10:55:18:657,47.28,89
39318657,10:55:18:657,47.28,200
39318657,10:55:18:657,47.28,47
39318657,10:55:18:657,47.28,100
39318657,10:55:18:657,47.28,28
39318657,10:55:18:657,47.28,22
39318657,10:55:18:657,47.28,11
39318657,10:55:18:657,47.28,31
39318657,10:55:18:657,47.28,172
39343794,10:55:43:794,47.29,100
39354715,10:55:54:715,47.29,100
39372987,10:56:12:987,47.28,100
39372987,10:56:12:987,47.28,100
39372987,10:56:12:987,47.285,100
39372987,10:56:12:987,47.28,400
39372987,10:56:12:987,47.28,42
39372987,10:56:12:987,47.28,3
39372987,10:56:12:987,47.28,100
39372987,10:56:12:987,47.28,58
39372987,10:56:12:987,47.28,100
39372987,10:56:12:987,47.28,200
39372987,10:56:12:987,47.28,100
39372987,10:56:12:987,47.28,14
39372987,10:56:12:987,47.28,86
39372987,10:56:12:987,47.28,14
39372997,10:56:12:997,47.28,500
39373113,10:56:13:113,47.28,100
39373114,10:56:13:114,47.28,1
39375329,10:56:15:329,47.28,6
39375330,10:56:15:330,47.28,100
39385887,10:56:25:887,47.285,100
39387982,10:56:27:982,47.285,100
39390637,10:56:30:637,47.2801,22
39390803,10:56:30:803,47.2852,149
39391167,10:56:31:167,47.29,100
39396816,10:56:36:816,47.29,4
39405789,10:56:45:789,47.285,100
39428014,10:57:8:14,47.285,14
39440661,10:57:20:661,47.29,50
39440661,10:57:20:661,47.29,50
39440668,10:57:20:668,47.29,90
39440705,10:57:20:705,47.29,227
39440705,10:57:20:705,47.29,32
39440705,10:57:20:705,47.29,100
39440705,10:57:20:705,47.29,13
39440705,10:57:20:705,47.29,18
39440706,10:57:20:706,47.29,68
39440706,10:57:20:706,47.29,100
39440706,10:57:20:706,47.29,37
39440706,10:57:20:706,47.29,100
39440706,10:57:20:706,47.29,100
39440706,10:57:20:706,47.29,100
39440706,10:57:20:706,47.29,100
39440707,10:57:20:707,47.29,82
39440707,10:57:20:707,47.29,100
39440707,10:57:20:707,47.29,100
39440708,10:57:20:708,47.3,400
39440708,10:57:20:708,47.3,100
39440708,10:57:20:708,47.3,100
39440708,10:57:20:708,47.3,54
39440708,10:57:20:708,47.3,20
39440708,10:57:20:708,47.3,26
39440708,10:57:20:708,47.3,100
39440708,10:57:20:708,47.3,100
39440708,10:57:20:708,47.3,100
39440708,10:57:20:708,47.3,100
39440713,10:57:20:713,47.29,100
39440779,10:57:20:779,47.31,49
39440828,10:57:20:828,47.29,100
39440832,10:57:20:832,47.31,100
39442704,10:57:22:704,47.31,200
39442705,10:57:22:705,47.31,100
39442705,10:57:22:705,47.31,100
39442819,10:57:22:819,47.31,100
39442819,10:57:22:819,47.31,2
39442819,10:57:22:819,47.31,27
39442819,10:57:22:819,47.31,73
39443501,10:57:23:501,47.31,800
39443501,10:57:23:501,47.31,149
39443503,10:57:23:503,47.31,51
39444294,10:57:24:294,47.3,400
39444295,10:57:24:295,47.3,100
39444295,10:57:24:295,47.3,100
39444295,10:57:24:295,47.29,100
39444295,10:57:24:295,47.29,100
39444295,10:57:24:295,47.29,50
39444295,10:57:24:295,47.29,100
39444295,10:57:24:295,47.29,100
39444296,10:57:24:296,47.295,100
39444296,10:57:24:296,47.29,200
39444296,10:57:24:296,47.29,100
39444296,10:57:24:296,47.29,100
39445736,10:57:25:736,47.28,300
39445736,10:57:25:736,47.28,100
39445736,10:57:25:736,47.28,1
39445737,10:57:25:737,47.28,100
39445737,10:57:25:737,47.28,100
39445737,10:57:25:737,47.28,100
39445737,10:57:25:737,47.28,100
39445737,10:57:25:737,47.28,100
39445737,10:57:25:737,47.28,100
39445744,10:57:25:744,47.285,100
39446705,10:57:26:705,47.28,273
39447765,10:57:27:765,47.28,100
39447765,10:57:27:765,47.28,20
39452600,10:57:32:600,47.28,100
39453694,10:57:33:694,47.285,100
39454736,10:57:34:736,47.285,100
39455864,10:57:35:864,47.28,100
39455864,10:57:35:864,47.28,100
39455865,10:57:35:865,47.27,100
39455865,10:57:35:865,47.27,102
39455865,10:57:35:865,47.27,100
39472042,10:57:52:42,47.27,1
39472042,10:57:52:42,47.26,100
39472042,10:57:52:42,47.265,100
39472042,10:57:52:42,47.26,200
39472042,10:57:52:42,47.26,100
39472043,10:57:52:43,47.26,100
39472895,10:57:52:895,47.26,700
39472895,10:57:52:895,47.26,100
39472895,10:57:52:895,47.26,700
39472895,10:57:52:895,47.26,100
39472896,10:57:52:896,47.26,100
39472896,10:57:52:896,47.26,100
39472896,10:57:52:896,47.26,100
39472896,10:57:52:896,47.26,100
39472896,10:57:52:896,47.26,100
39472896,10:57:52:896,47.26,100
39472896,10:57:52:896,47.26,100
39472896,10:57:52:896,47.26,100
39472896,10:57:52:896,47.26,100
39472896,10:57:52:896,47.26,100
39472896,10:57:52:896,47.26,100
39473231,10:57:53:231,47.27,100
39473234,10:57:53:234,47.27,100
39476511,10:57:56:511,47.27,100
39479718,10:57:59:718,47.27,1
39479719,10:57:59:719,47.27,99
39517415,10:58:37:415,47.29,86
39517766,10:58:37:766,47.28,300
39519387,10:58:39:387,47.29,100
39525866,10:58:45:866,47.285,1000
39532705,10:58:52:705,47.29,300
39532705,10:58:52:705,47.29,300
39532705,10:58:52:705,47.29,100
39532705,10:58:52:705,47.29,100
39532705,10:58:52:705,47.29,100
39532705,10:58:52:705,47.29,100
39533239,10:58:53:239,47.3,500
39533239,10:58:53:239,47.3,100
39533239,10:58:53:239,47.3,100
39533239,10:58:53:239,47.3,100
39533239,10:58:53:239,47.3,100
39533239,10:58:53:239,47.3,86
39533239,10:58:53:239,47.3,100
39533239,10:58:53:239,47.3,100
39533250,10:58:53:250,47.3,100
39534706,10:58:54:706,47.31,100
39534706,10:58:54:706,47.31,100
39534706,10:58:54:706,47.31,100
39534716,10:58:54:716,47.31,100
39534881,10:58:54:881,47.3,100
39534929,10:58:54:929,47.3,100
39536913,10:58:56:913,47.3,100
39536913,10:58:56:913,47.3,2
39536913,10:58:56:913,47.3,100
39536915,10:58:56:915,47.3,100
39536915,10:58:56:915,47.3,100
39537703,10:58:57:703,47.31,100
39537703,10:58:57:703,47.31,200
39539705,10:58:59:705,47.32,200
39539706,10:58:59:706,47.32,100
39539791,10:58:59:791,47.311,120
39544545,10:59:4:545,47.31,900
39544705,10:59:4:705,47.32,200
39549705,10:59:9:705,47.32,100
39554705,10:59:14:705,47.32,100
39556016,10:59:16:16,47.31,55
39559706,10:59:19:706,47.32,100
39562885,10:59:22:885,47.31,5
39562885,10:59:22:885,47.31,100
39562885,10:59:22:885,47.31,45
39562886,10:59:22:886,47.3,100
39562886,10:59:22:886,47.3,101
39562934,10:59:22:934,47.3,100
39564101,10:59:24:101,47.29,100
39564706,10:59:24:706,47.3,100
39566705,10:59:26:705,47.3,100
39574447,10:59:34:447,47.3,100
39574448,10:59:34:448,47.3,100
39574448,10:59:34:448,47.3,24
39574449,10:59:34:449,47.3,76
39574449,10:59:34:449,47.3,20
39574493,10:59:34:493,47.3,100
39574495,10:59:34:495,47.3,100
39578705,10:59:38:705,47.31,100
39596156,10:59:56:156,47.29,200
39600706,11:0:0:706,47.31,100
39610972,11:0:10:972,47.3,300
39610972,11:0:10:972,47.3,121
39610973,11:0:10:973,47.3,100
39610973,11:0:10:973,47.3,100
39610973,11:0:10:973,47.3,100
39610973,11:0:10:973,47.3,22
39610973,11:0:10:973,47.3,57
39610973,11:0:10:973,47.3,100
39610973,11:0:10:973,47.3,179
39611706,11:0:11:706,47.31,100
39611828,11:0:11:828,47.305,126
39616706,11:0:16:706,47.31,100
39620609,11:0:20:609,47.2852,200
39620610,11:0:20:610,47.2852,200
39633175,11:0:33:175,47.305,100
39656870,11:0:56:870,47.31,100
39656870,11:0:56:870,47.31,200
39677110,11:1:17:110,47.3,43
39677110,11:1:17:110,47.305,100
