MsOfDay, Time,Price,Size
34200363,9:30:0:363,47.83,200
34200363,9:30:0:363,47.83,200
34201006,9:30:1:6,47.82,138390
34201016,9:30:1:16,47.82,1698
34201054,9:30:1:54,47.91,104
34202134,9:30:2:134,47.63,20
34206668,9:30:6:668,47.82,538
34209012,9:30:9:12,47.57,1
34209563,9:30:9:563,47.57,1
34210210,9:30:10:210,47.82,14
34210299,9:30:10:299,47.8,1
34218419,9:30:18:419,47.59,100
34243220,9:30:43:220,47.59,100
34266221,9:31:6:221,47.63,100
34267325,9:31:7:325,47.7,43
34274868,9:31:14:868,47.78,26
34288220,9:31:28:220,47.63,100
34295976,9:31:35:976,47.69,20
34295976,9:31:35:976,47.69,20
34295977,9:31:35:977,47.69,59
34295977,9:31:35:977,47.69,21
34295978,9:31:35:978,47.69,20
34306420,9:31:46:420,47.64,100
34314222,9:31:54:222,47.64,100
34324181,9:32:4:181,47.77,4
34379217,9:32:59:217,47.77,77
34385047,9:33:5:47,47.77,39
34409113,9:33:29:113,47.693,220
34431059,9:33:51:59,47.77,88
34431060,9:33:51:60,47.77,12
34431283,9:33:51:283,47.76,12
34435499,9:33:55:499,47.69,1
34498711,9:34:58:711,47.74,10
34501070,9:35:1:70,47.7,6
34507848,9:35:7:848,47.71,15
34514590,9:35:14:590,47.76,100
34514590,9:35:14:590,47.77,100
34514590,9:35:14:590,47.77,100
34514590,9:35:14:590,47.78,80
34514590,9:35:14:590,47.78,20
34514590,9:35:14:590,47.78,80
34514591,9:35:14:591,47.78,20
34514591,9:35:14:591,47.78,100
34514591,9:35:14:591,47.78,1
34514591,9:35:14:591,47.77,5
34514591,9:35:14:591,47.77,96
34514591,9:35:14:591,47.77,4
34514592,9:35:14:592,47.78,97
34514592,9:35:14:592,47.78,3
34514592,9:35:14:592,47.78,1
34514592,9:35:14:592,47.78,97
34514592,9:35:14:592,47.78,3
34514592,9:35:14:592,47.78,100
34514592,9:35:14:592,47.77,100
34514592,9:35:14:592,47.79,100
34514592,9:35:14:592,47.77,5
34514592,9:35:14:592,47.79,33
34514592,9:35:14:592,47.79,67
34514593,9:35:14:593,47.78,14
34514595,9:35:14:595,47.78,100
34514595,9:35:14:595,47.78,10
34514595,9:35:14:595,47.78,100
34514714,9:35:14:714,47.7475,100
34515116,9:35:15:116,47.82,100
34528030,9:35:28:30,47.83,100
34539486,9:35:39:486,47.8,120
34551953,9:35:51:953,47.8,100
34551953,9:35:51:953,47.8,100
34551953,9:35:51:953,47.8,100
34551953,9:35:51:953,47.8,100
34551953,9:35:51:953,47.8,100
34551954,9:35:51:954,47.79,100
34551954,9:35:51:954,47.79,100
34551954,9:35:51:954,47.78,100
34552121,9:35:52:121,47.79,100
34552140,9:35:52:140,47.74,1
34556982,9:35:56:982,47.8,52
34557463,9:35:57:463,47.8,100
34557464,9:35:57:464,47.8,48
34570871,9:36:10:871,47.83,100
34572720,9:36:12:720,47.84,100
34574640,9:36:14:640,47.85,100
34579652,9:36:19:652,47.87,100
34579652,9:36:19:652,47.88,100
34579652,9:36:19:652,47.87,100
34579664,9:36:19:664,47.87,100
34579664,9:36:19:664,47.87,100
34579673,9:36:19:673,47.88,10
34579673,9:36:19:673,47.88,90
34580066,9:36:20:66,47.88,10
34580066,9:36:20:66,47.89,90
34580153,9:36:20:153,47.95,52
34588905,9:36:28:905,47.84,13
34639544,9:37:19:544,47.8895,250
34659793,9:37:39:793,47.8939,106
34708250,9:38:28:250,47.86,15
34710223,9:38:30:223,47.909,102
34712172,9:38:32:172,47.93,100
34712175,9:38:32:175,47.89,200
34712175,9:38:32:175,47.91,100
34712183,9:38:32:183,47.92,100
34712783,9:38:32:783,47.909,800
34717199,9:38:37:199,47.86,61
34717200,9:38:37:200,47.86,139
34717200,9:38:37:200,47.86,100
34717271,9:38:37:271,47.85,1
34727243,9:38:47:243,47.89,300
34749105,9:39:9:105,47.86,100
34749109,9:39:9:109,47.865,13
34800066,9:40:0:66,47.87,200
34800086,9:40:0:86,47.87,400
34800124,9:40:0:124,47.86,10
34800229,9:40:0:229,47.87,200
34801132,9:40:1:132,47.87,100
34801395,9:40:1:395,47.87,100
34801395,9:40:1:395,47.87,399
34803506,9:40:3:506,47.875,200
34818967,9:40:18:967,47.86,100
34818967,9:40:18:967,47.86,24
34818967,9:40:18:967,47.86,1
34818967,9:40:18:967,47.86,100
34818967,9:40:18:967,47.86,91
34818968,9:40:18:968,47.85,101
34818969,9:40:18:969,47.87,1
34818970,9:40:18:970,47.84,100
34818971,9:40:18:971,47.84,100
34881004,9:41:21:4,47.79,100
34881005,9:41:21:5,47.79,100
34881019,9:41:21:19,47.74,11
34918159,9:41:58:159,47.77,100
34987366,9:43:7:366,47.755,100
35000018,9:43:20:18,47.73,200
35000019,9:43:20:19,47.72,100
35000019,9:43:20:19,47.72,74
35000019,9:43:20:19,47.72,26
35000024,9:43:20:24,47.71,100
35000026,9:43:20:26,47.71,100
35000419,9:43:20:419,47.69,100
35000422,9:43:20:422,47.69,100
35000763,9:43:20:763,47.71,100
35010045,9:43:30:45,47.72,200
35011762,9:43:31:762,47.72,200
35011772,9:43:31:772,47.7,100
35011772,9:43:31:772,47.7,100
35011772,9:43:31:772,47.7,100
35011772,9:43:31:772,47.7,100
35068341,9:44:28:341,47.69,100
35068341,9:44:28:341,47.69,100
35068341,9:44:28:341,47.69,100
35068341,9:44:28:341,47.69,100
35068341,9:44:28:341,47.7,100
35068342,9:44:28:342,47.68,100
35068343,9:44:28:343,47.68,100
35068344,9:44:28:344,47.68,100
35068346,9:44:28:346,47.73,100
35101169,9:45:1:169,47.6501,62
35111431,9:45:11:431,47.7,100
35111618,9:45:11:618,47.685,3
35134903,9:45:34:903,47.66,100
35139635,9:45:39:635,47.66,39
35139635,9:45:39:635,47.66,61
35139635,9:45:39:635,47.66,100
35139635,9:45:39:635,47.66,35
35139635,9:45:39:635,47.66,300
35139635,9:45:39:635,47.66,100
35139635,9:45:39:635,47.66,100
35139635,9:45:39:635,47.685,13
35139637,9:45:39:637,47.65,100
35139640,9:45:39:640,47.66,100
35139648,9:45:39:648,47.64,20
35139668,9:45:39:668,47.6731,100
35140010,9:45:40:10,47.64,15
35140456,9:45:40:456,47.64,100
35140607,9:45:40:607,47.66,200
35147934,9:45:47:934,47.67,100
35157860,9:45:57:860,47.67,100
35177734,9:46:17:734,47.67,14
35177734,9:46:17:734,47.67,86
35177775,9:46:17:775,47.67,208
35177775,9:46:17:775,47.67,114
35177775,9:46:17:775,47.67,100
35177775,9:46:17:775,47.67,100
35177939,9:46:17:939,47.68,100
35177939,9:46:17:939,47.68,100
35179691,9:46:19:691,47.66,46
35240622,9:47:20:622,47.71,100
35240622,9:47:20:622,47.71,240
35240623,9:47:20:623,47.71,2
35240623,9:47:20:623,47.71,100
35240626,9:47:20:626,47.72,34
35243882,9:47:23:882,47.72,70
35243885,9:47:23:885,47.75,30
35260619,9:47:40:619,47.73,100
35263807,9:47:43:807,47.74,100
35277693,9:47:57:693,47.74,100
35277693,9:47:57:693,47.74,4
35317999,9:48:37:999,47.75,100
35342190,9:49:2:190,47.75,200
35342190,9:49:2:190,47.75,22
35342190,9:49:2:190,47.75,200
35342190,9:49:2:190,47.75,100
35342190,9:49:2:190,47.75,100
35353151,9:49:13:151,47.76,100
35353264,9:49:13:264,47.765,200
35357098,9:49:17:98,47.77,100
35389815,9:49:49:815,47.77,200
35389816,9:49:49:816,47.77,100
35400194,9:50:0:194,47.79,100
35418068,9:50:18:68,47.78,100
35418070,9:50:18:70,47.78,100
35424592,9:50:24:592,47.77,500
35436614,9:50:36:614,47.78,100
35440491,9:50:40:491,47.78,100
35446285,9:50:46:285,47.78,100
35447875,9:50:47:875,47.77,1
35453872,9:50:53:872,47.76,99
35453872,9:50:53:872,47.76,1
35453872,9:50:53:872,47.76,100
35453872,9:50:53:872,47.76,151
35453873,9:50:53:873,47.76,100
35453873,9:50:53:873,47.76,100
35453873,9:50:53:873,47.76,100
35455776,9:50:55:776,47.78,100
35455785,9:50:55:785,47.78,100
35460908,9:51:0:908,47.764,100
35460919,9:51:0:919,47.76,100
35460919,9:51:0:919,47.76,100
35460919,9:51:0:919,47.76,20
35470038,9:51:10:38,47.75,200
35477768,9:51:17:768,47.78,100
35515627,9:51:55:627,47.75,3
35515627,9:51:55:627,47.75,10
35515862,9:51:55:862,47.74,37
35521734,9:52:1:734,47.75,100
35521744,9:52:1:744,47.74,200
35521744,9:52:1:744,47.74,100
35522607,9:52:2:607,47.75,100
35525368,9:52:5:368,47.75,100
35532455,9:52:12:455,47.73,101
35532455,9:52:12:455,47.73,100
35532455,9:52:12:455,47.74,10
35532455,9:52:12:455,47.73,90
35532455,9:52:12:455,47.73,100
35532458,9:52:12:458,47.74,10
35532460,9:52:12:460,47.75,10
35532466,9:52:12:466,47.74,400
35539720,9:52:19:720,47.74,200
35539757,9:52:19:757,47.74,300
35539762,9:52:19:762,47.76,100
35539763,9:52:19:763,47.76,100
35558848,9:52:38:848,47.75,100
35558848,9:52:38:848,47.75,26
35558848,9:52:38:848,47.75,100
35558848,9:52:38:848,47.75,74
35558860,9:52:38:860,47.75,100
35573356,9:52:53:356,47.741,11
35594012,9:53:14:12,47.76,200
35601408,9:53:21:408,47.77,100
35601408,9:53:21:408,47.77,400
35601408,9:53:21:408,47.77,100
35615847,9:53:35:847,47.78,100
35629971,9:53:49:971,47.77,100
35639869,9:53:59:869,47.7653,71
35641950,9:54:1:950,47.75,100
35641950,9:54:1:950,47.75,95
35641950,9:54:1:950,47.75,39
35641950,9:54:1:950,47.75,66
35646132,9:54:6:132,47.78,32
35658098,9:54:18:98,47.77,100
35731065,9:55:31:65,47.74,300
35731075,9:55:31:75,47.74,200
35731076,9:55:31:76,47.74,100
35731117,9:55:31:117,47.735,200
35758287,9:55:58:287,47.74,100
35758287,9:55:58:287,47.73,100
35758287,9:55:58:287,47.73,100
35758287,9:55:58:287,47.73,100
35758287,9:55:58:287,47.73,100
35769675,9:56:9:675,47.74,3900
35769676,9:56:9:676,47.73,100
35769676,9:56:9:676,47.73,900
35769677,9:56:9:677,47.73,100
35769677,9:56:9:677,47.73,800
35769677,9:56:9:677,47.73,100
35769677,9:56:9:677,47.73,100
35769678,9:56:9:678,47.73,100
35769678,9:56:9:678,47.73,100
35769678,9:56:9:678,47.73,1
35769682,9:56:9:682,47.735,400
35769682,9:56:9:682,47.735,700
35769683,9:56:9:683,47.735,299
35769726,9:56:9:726,47.735,500
35770008,9:56:10:8,47.74,2500
35775338,9:56:15:338,47.7415,100
35788522,9:56:28:522,47.77,100
35792964,9:56:32:964,47.77,100
35803836,9:56:43:836,47.77,18
35803836,9:56:43:836,47.77,82
35817748,9:56:57:748,47.77,18
35817748,9:56:57:748,47.78,26
35817748,9:56:57:748,47.78,56
35875649,9:57:55:649,47.78,100
35906615,9:58:26:615,47.75,100
35906624,9:58:26:624,47.75,100
35929445,9:58:49:445,47.77,100
35929445,9:58:49:445,47.77,210
35929446,9:58:49:446,47.77,90
35929446,9:58:49:446,47.77,100
35929446,9:58:49:446,47.77,100
35929458,9:58:49:458,47.75,100
35952759,9:59:12:759,47.74,100
35957145,9:59:17:145,47.74,100
35960849,9:59:20:849,47.75,100
35968129,9:59:28:129,47.73,200
35968129,9:59:28:129,47.73,100
35968129,9:59:28:129,47.73,100
35968129,9:59:28:129,47.73,100
35968129,9:59:28:129,47.73,100
35968129,9:59:28:129,47.73,100
35968129,9:59:28:129,47.73,100
35968129,9:59:28:129,47.73,100
35968129,9:59:28:129,47.73,100
35968129,9:59:28:129,47.73,173
35968285,9:59:28:285,47.74,100
35968285,9:59:28:285,47.74,16
35968285,9:59:28:285,47.74,84
35968286,9:59:28:286,47.74,16
35971696,9:59:31:696,47.74,500
35980059,9:59:40:59,47.76,30
36006986,10:0:6:986,47.77,106
36006986,10:0:6:986,47.76,70
36006986,10:0:6:986,47.77,30
36027718,10:0:27:718,47.75,400
36027718,10:0:27:718,47.75,100
36027718,10:0:27:718,47.75,100
36027722,10:0:27:722,47.75,100
36029363,10:0:29:363,47.73,25
36034977,10:0:34:977,47.77,1
36038539,10:0:38:539,47.77,1
36054260,10:0:54:260,47.74,4
36054271,10:0:54:271,47.74,200
36054271,10:0:54:271,47.74,100
36054271,10:0:54:271,47.74,100
36054383,10:0:54:383,47.735,400
36063076,10:1:3:76,47.76,100
36075365,10:1:15:365,47.7473,100
36075367,10:1:15:367,47.7473,500
36079248,10:1:19:248,47.75,100
36088460,10:1:28:460,47.75,100
36088460,10:1:28:460,47.75,100
36088487,10:1:28:487,47.75,100
36088487,10:1:28:487,47.75,70
36088487,10:1:28:487,47.75,100
36088487,10:1:28:487,47.75,40
36088493,10:1:28:493,47.75,135
36088496,10:1:28:496,47.75,100
36088496,10:1:28:496,47.75,100
36088496,10:1:28:496,47.75,100
36088496,10:1:28:496,47.75,100
36088497,10:1:28:497,47.74,100
36088499,10:1:28:499,47.74,100
36088499,10:1:28:499,47.74,100
36088500,10:1:28:500,47.74,90
36088500,10:1:28:500,47.74,10
36088518,10:1:28:518,47.74,100
36088518,10:1:28:518,47.74,100
36088518,10:1:28:518,47.74,80
36088518,10:1:28:518,47.74,100
36088533,10:1:28:533,47.75,100
36114135,10:1:54:135,47.76,100
36114182,10:1:54:182,47.76,6
36114183,10:1:54:183,47.77,394
36114183,10:1:54:183,47.75,91
36121096,10:2:1:96,47.77,13
36122434,10:2:2:434,47.77,100
36123533,10:2:3:533,47.77,1
36123533,10:2:3:533,47.77,99
36123634,10:2:3:634,47.77,100
36124060,10:2:4:60,47.77,762
36124060,10:2:4:60,47.77,306
36124061,10:2:4:61,47.77,100
36124061,10:2:4:61,47.77,100
36124061,10:2:4:61,47.77,100
36124090,10:2:4:90,47.78,100
36124090,10:2:4:90,47.78,100
36124152,10:2:4:152,47.78,100
36124152,10:2:4:152,47.78,100
36131083,10:2:11:83,47.78,100
36131084,10:2:11:84,47.78,100
36131084,10:2:11:84,47.78,100
36131087,10:2:11:87,47.78,100
36131087,10:2:11:87,47.79,100
36131087,10:2:11:87,47.79,100
36131087,10:2:11:87,47.79,10
36131087,10:2:11:87,47.79,100
36131087,10:2:11:87,47.79,100
36131087,10:2:11:87,47.79,10
36131087,10:2:11:87,47.79,100
36131087,10:2:11:87,47.79,100
36131087,10:2:11:87,47.79,100
36131088,10:2:11:88,47.79,100
36131088,10:2:11:88,47.79,100
36131088,10:2:11:88,47.79,40
36131088,10:2:11:88,47.79,100
36131088,10:2:11:88,47.79,60
36131090,10:2:11:90,47.79,100
36131090,10:2:11:90,47.79,100
36131090,10:2:11:90,47.79,100
36131090,10:2:11:90,47.79,100
36131092,10:2:11:92,47.8,100
36131358,10:2:11:358,47.8,400
36136352,10:2:16:352,47.8,94
36136361,10:2:16:361,47.8,100
36136426,10:2:16:426,47.8,106
36148383,10:2:28:383,47.7724,100
36150202,10:2:30:202,47.81,100
36154169,10:2:34:169,47.81,100
36154169,10:2:34:169,47.81,4
36154170,10:2:34:170,47.8,100
36154170,10:2:34:170,47.8,100
36154172,10:2:34:172,47.81,380
36154175,10:2:34:175,47.81,100
36154175,10:2:34:175,47.81,200
36154216,10:2:34:216,47.82,100
36154216,10:2:34:216,47.82,100
36154217,10:2:34:217,47.805,100
36156007,10:2:36:7,47.8,100
36166515,10:2:46:515,47.809,100
36171292,10:2:51:292,47.8,100
36175183,10:2:55:183,47.81,100
36175183,10:2:55:183,47.81,100
36175183,10:2:55:183,47.81,100
36175183,10:2:55:183,47.81,100
36175183,10:2:55:183,47.81,100
36175183,10:2:55:183,47.81,100
36175184,10:2:55:184,47.8,200
36175184,10:2:55:184,47.8,100
36175187,10:2:55:187,47.8,200
36175187,10:2:55:187,47.8,200
36175188,10:2:55:188,47.8,100
36175189,10:2:55:189,47.8,100
36175266,10:2:55:266,47.8,100
36175975,10:2:55:975,47.81,100
36179428,10:2:59:428,47.81,300
36205010,10:3:25:10,47.81,100
36211953,10:3:31:953,47.81,100
36211953,10:3:31:953,47.81,200
36211953,10:3:31:953,47.81,100
36211953,10:3:31:953,47.81,100
36211953,10:3:31:953,47.81,200
36211953,10:3:31:953,47.81,100
36211953,10:3:31:953,47.81,13
36211953,10:3:31:953,47.81,100
36211954,10:3:31:954,47.81,100
36211958,10:3:31:958,47.81,100
36212287,10:3:32:287,47.82,100
36212316,10:3:32:316,47.815,100
36215492,10:3:35:492,47.82,1
36218391,10:3:38:391,47.82,100
36219047,10:3:39:47,47.82,100
36219129,10:3:39:129,47.82,100
36219908,10:3:39:908,47.82,100
36221536,10:3:41:536,47.82,100
36222241,10:3:42:241,47.82,100
36222241,10:3:42:241,47.82,1
36222242,10:3:42:242,47.82,100
36222716,10:3:42:716,47.82,100
36223021,10:3:43:21,47.82,2
36229535,10:3:49:535,47.83,300
36229535,10:3:49:535,47.83,100
36229535,10:3:49:535,47.82,100
36229538,10:3:49:538,47.83,100
36229538,10:3:49:538,47.82,100
36238895,10:3:58:895,47.82,29
36238895,10:3:58:895,47.82,100
36238895,10:3:58:895,47.82,400
36238896,10:3:58:896,47.82,100
36238896,10:3:58:896,47.82,100
36238896,10:3:58:896,47.82,171
36238896,10:3:58:896,47.82,171
36238896,10:3:58:896,47.82,29
36239044,10:3:59:44,47.815,100
36239046,10:3:59:46,47.81,100
36239047,10:3:59:47,47.81,13
36239047,10:3:59:47,47.81,87
36239047,10:3:59:47,47.81,13
36239446,10:3:59:446,47.8,100
36239446,10:3:59:446,47.8,100
36239446,10:3:59:446,47.8,100
36239446,10:3:59:446,47.8,500
36239446,10:3:59:446,47.8,200
36239446,10:3:59:446,47.8,100
36239447,10:3:59:447,47.8,100
36239844,10:3:59:844,47.8,200
36248543,10:4:8:543,47.79,100
36248572,10:4:8:572,47.79,100
36248573,10:4:8:573,47.79,100
36248577,10:4:8:577,47.8,100
36248578,10:4:8:578,47.8,100
36248578,10:4:8:578,47.8,100
36248651,10:4:8:651,47.8,100
36270042,10:4:30:42,47.79,200
36270042,10:4:30:42,47.79,100
36276052,10:4:36:52,47.7843,188
36282124,10:4:42:124,47.78,100
36282124,10:4:42:124,47.78,100
36282242,10:4:42:242,47.8,100
36290606,10:4:50:606,47.77,200
36290606,10:4:50:606,47.77,10
36304736,10:5:4:736,47.77,100
36304736,10:5:4:736,47.77,100
36304737,10:5:4:737,47.77,1
36304788,10:5:4:788,47.77,100
36305761,10:5:5:761,47.75,100
36305767,10:5:5:767,47.76,100
36305772,10:5:5:772,47.76,100
36305772,10:5:5:772,47.76,40
36305773,10:5:5:773,47.76,100
36305812,10:5:5:812,47.76,100
36305812,10:5:5:812,47.76,100
36305812,10:5:5:812,47.76,100
36306243,10:5:6:243,47.77,100
36307049,10:5:7:49,47.77,100
36337526,10:5:37:526,47.77,100
36337526,10:5:37:526,47.77,100
36337526,10:5:37:526,47.77,100
36337527,10:5:37:527,47.77,100
36337527,10:5:37:527,47.77,98
36337527,10:5:37:527,47.77,7
36337527,10:5:37:527,47.77,100
36337527,10:5:37:527,47.77,95
36337533,10:5:37:533,47.78,100
36337536,10:5:37:536,47.78,100
36337536,10:5:37:536,47.78,100
36337548,10:5:37:548,47.77,127
36337559,10:5:37:559,47.77,100
36338246,10:5:38:246,47.78,100
36338250,10:5:38:250,47.78,100
36349609,10:5:49:609,47.78,100
36366456,10:6:6:456,47.775,100
36370501,10:6:10:501,47.7793,9
36371320,10:6:11:320,47.78,100
36389186,10:6:29:186,47.78,100
36389192,10:6:29:192,47.78,100
36389462,10:6:29:462,47.78,100
36389467,10:6:29:467,47.78,100
36395337,10:6:35:337,47.78,20
36396677,10:6:36:677,47.79,100
36396678,10:6:36:678,47.79,200
36396682,10:6:36:682,47.79,100
36396797,10:6:36:797,47.79,100
36397250,10:6:37:250,47.78,48
36397252,10:6:37:252,47.79,52
36397254,10:6:37:254,47.79,100
36406694,10:6:46:694,47.8,200
36410958,10:6:50:958,47.79,100
36412169,10:6:52:169,47.803,200
36412449,10:6:52:449,47.8,100
36417727,10:6:57:727,47.79,100
36421036,10:7:1:36,47.8,100
36421038,10:7:1:38,47.8,100
36422501,10:7:2:501,47.8,100
36465086,10:7:45:86,47.8,100
36465088,10:7:45:88,47.8,100
36469011,10:7:49:11,47.8,12
36469022,10:7:49:22,47.8,10
36469022,10:7:49:22,47.8,40
36480162,10:8:0:162,47.79,76
36480162,10:8:0:162,47.79,24
36480162,10:8:0:162,47.79,100
36480162,10:8:0:162,47.79,100
36480162,10:8:0:162,47.79,100
36480162,10:8:0:162,47.79,100
36480162,10:8:0:162,47.8,38
36480162,10:8:0:162,47.79,100
36480162,10:8:0:162,47.79,100
36480162,10:8:0:162,47.79,62
36480162,10:8:0:162,47.79,38
36480494,10:8:0:494,47.78,100
36480495,10:8:0:495,47.78,100
36480495,10:8:0:495,47.78,100
36480495,10:8:0:495,47.78,100
36480495,10:8:0:495,47.78,100
36480495,10:8:0:495,47.78,100
36480495,10:8:0:495,47.78,100
36480495,10:8:0:495,47.78,100
36480495,10:8:0:495,47.78,100
36480495,10:8:0:495,47.78,100
36480495,10:8:0:495,47.78,100
36480495,10:8:0:495,47.78,100
36484016,10:8:4:16,47.77,100
36484016,10:8:4:16,47.77,100
36492713,10:8:12:713,47.77,100
36492713,10:8:12:713,47.77,100
36492713,10:8:12:713,47.77,13
36492713,10:8:12:713,47.77,200
36505830,10:8:25:830,47.775,100
36512025,10:8:32:25,47.78,100
36516778,10:8:36:778,47.78,93
36516778,10:8:36:778,47.78,121
36516778,10:8:36:778,47.78,100
36516778,10:8:36:778,47.78,43
36516778,10:8:36:778,47.78,57
36516778,10:8:36:778,47.78,86
36516780,10:8:36:780,47.78,82
36516784,10:8:36:784,47.78,200
36516795,10:8:36:795,47.78,100
36516859,10:8:36:859,47.79,100
36516915,10:8:36:915,47.78,100
36517148,10:8:37:148,47.79,102
36517151,10:8:37:151,47.79,100
36524029,10:8:44:29,47.8,100
36548035,10:9:8:35,47.8,100
36548052,10:9:8:52,47.8,100
36550122,10:9:10:122,47.8,100
36550874,10:9:10:874,47.8,200
36554333,10:9:14:333,47.8,1
36554342,10:9:14:342,47.8,100
36568548,10:9:28:548,47.8,100
36589630,10:9:49:630,47.8,100
36589642,10:9:49:642,47.8,100
36610868,10:10:10:868,47.79,4
36611907,10:10:11:907,47.81,100
36611908,10:10:11:908,47.81,498
36611919,10:10:11:919,47.81,518
36611925,10:10:11:925,47.81,100
36623029,10:10:23:29,47.82,100
36625045,10:10:25:45,47.82,100
36625046,10:10:25:46,47.82,100
36625046,10:10:25:46,47.82,100
36625046,10:10:25:46,47.82,100
36630541,10:10:30:541,47.815,151
36631443,10:10:31:443,47.82,100
36668608,10:11:8:608,47.82,201
36668608,10:11:8:608,47.82,100
36668609,10:11:8:609,47.82,100
36668609,10:11:8:609,47.82,100
36668609,10:11:8:609,47.815,100
36668611,10:11:8:611,47.815,100
36668614,10:11:8:614,47.81,100
36668614,10:11:8:614,47.81,600
36668614,10:11:8:614,47.82,9
36668614,10:11:8:614,47.83,91
36668614,10:11:8:614,47.81,100
36668614,10:11:8:614,47.81,100
36668614,10:11:8:614,47.81,100
36668614,10:11:8:614,47.81,100
36668614,10:11:8:614,47.81,100
36668614,10:11:8:614,47.81,100
36668614,10:11:8:614,47.81,100
36668614,10:11:8:614,47.81,100
36668614,10:11:8:614,47.81,100
36668614,10:11:8:614,47.81,100
36668614,10:11:8:614,47.81,100
36668614,10:11:8:614,47.81,100
36668614,10:11:8:614,47.81,100
36668614,10:11:8:614,47.81,183
36668615,10:11:8:615,47.82,100
36668617,10:11:8:617,47.81,100
36668618,10:11:8:618,47.81,100
36668627,10:11:8:627,47.805,200
36668653,10:11:8:653,47.81,100
36669057,10:11:9:57,47.81,100
36669057,10:11:9:57,47.81,100
36669058,10:11:9:58,47.805,100
36669060,10:11:9:60,47.81,100
36669060,10:11:9:60,47.81,100
36669067,10:11:9:67,47.81,100
36669067,10:11:9:67,47.81,100
36669068,10:11:9:68,47.81,100
36669068,10:11:9:68,47.81,10
36669068,10:11:9:68,47.81,10
36669069,10:11:9:69,47.8,80
36669072,10:11:9:72,47.8,100
36669072,10:11:9:72,47.8,5
36669415,10:11:9:415,47.81,100
36669416,10:11:9:416,47.805,100
36669417,10:11:9:417,47.805,100
36669419,10:11:9:419,47.805,100
36669593,10:11:9:593,47.805,200
36674584,10:11:14:584,47.8,500
36674584,10:11:14:584,47.8,95
36674584,10:11:14:584,47.8,100
36674584,10:11:14:584,47.8,13
36674585,10:11:14:585,47.8,100
36675041,10:11:15:41,47.8,100
36675046,10:11:15:46,47.8,100
36675677,10:11:15:677,47.8,100
36680708,10:11:20:708,47.8,200
36715976,10:11:55:976,47.7987,600
36715976,10:11:55:976,47.7987,100
36732771,10:12:12:771,47.79,100
36732771,10:12:12:771,47.79,200
36732771,10:12:12:771,47.79,100
36732771,10:12:12:771,47.79,100
36732771,10:12:12:771,47.79,200
36732771,10:12:12:771,47.79,24
36732771,10:12:12:771,47.79,100
36732778,10:12:12:778,47.79,100
36733395,10:12:13:395,47.79,100
36746294,10:12:26:294,47.79,138
36746294,10:12:26:294,47.79,62
36746294,10:12:26:294,47.79,100
36746294,10:12:26:294,47.79,100
36746294,10:12:26:294,47.79,100
36746295,10:12:26:295,47.79,100
36746295,10:12:26:295,47.79,2
36746303,10:12:26:303,47.8,200
36746328,10:12:26:328,47.79,100
36763962,10:12:43:962,47.8,1
36769608,10:12:49:608,47.8,7
36769617,10:12:49:617,47.8,100
36773143,10:12:53:143,47.8,92
36773143,10:12:53:143,47.8,8
36775981,10:12:55:981,47.7919,100
36798029,10:13:18:29,47.81,100
36803254,10:13:23:254,47.81,100
36803255,10:13:23:255,47.8,100
36803258,10:13:23:258,47.8,100
36803258,10:13:23:258,47.8,100
36803259,10:13:23:259,47.8,100
36803312,10:13:23:312,47.81,100
36803312,10:13:23:312,47.81,100
36803312,10:13:23:312,47.81,100
36803312,10:13:23:312,47.81,100
36803312,10:13:23:312,47.81,100
36803312,10:13:23:312,47.81,100
36803312,10:13:23:312,47.81,100
36803316,10:13:23:316,47.81,200
36803317,10:13:23:317,47.81,183
36803317,10:13:23:317,47.81,200
36803317,10:13:23:317,47.81,100
36803318,10:13:23:318,47.81,74
36803318,10:13:23:318,47.81,20
36803318,10:13:23:318,47.81,100
36803318,10:13:23:318,47.805,100
36803319,10:13:23:319,47.81,100
36803319,10:13:23:319,47.81,100
36803329,10:13:23:329,47.81,45
36803329,10:13:23:329,47.81,100
36803329,10:13:23:329,47.81,100
36803329,10:13:23:329,47.81,100
36803329,10:13:23:329,47.805,100
36803330,10:13:23:330,47.81,100
36803331,10:13:23:331,47.805,100
36803782,10:13:23:782,47.805,200
36805908,10:13:25:908,47.8,100
36805908,10:13:25:908,47.8,100
36805909,10:13:25:909,47.8,300
36805909,10:13:25:909,47.8,200
36805909,10:13:25:909,47.8,100
36805909,10:13:25:909,47.8,100
36805909,10:13:25:909,47.8,100
36805909,10:13:25:909,47.8,100
36805910,10:13:25:910,47.79,100
36805910,10:13:25:910,47.79,100
36805910,10:13:25:910,47.79,100
36805910,10:13:25:910,47.79,204
36805910,10:13:25:910,47.79,13
36805910,10:13:25:910,47.79,100
36805910,10:13:25:910,47.79,100
36805910,10:13:25:910,47.79,100
36814608,10:13:34:608,47.78,100
36814609,10:13:34:609,47.78,100
36814609,10:13:34:609,47.785,1
36818077,10:13:38:77,47.78,100
36818080,10:13:38:80,47.78,100
36818080,10:13:38:80,47.78,100
36818080,10:13:38:80,47.78,100
36818080,10:13:38:80,47.78,100
36818083,10:13:38:83,47.79,1300
36818083,10:13:38:83,47.79,100
36818083,10:13:38:83,47.79,100
36818083,10:13:38:83,47.79,100
36818083,10:13:38:83,47.79,100
36818085,10:13:38:85,47.79,100
36818086,10:13:38:86,47.78,200
36818087,10:13:38:87,47.8,700
36818088,10:13:38:88,47.8,190
36818089,10:13:38:89,47.8,600
36818145,10:13:38:145,47.78,100
36818451,10:13:38:451,47.79,100
36818455,10:13:38:455,47.79,100
36818494,10:13:38:494,47.78,100
36818495,10:13:38:495,47.79,100
36818497,10:13:38:497,47.8,700
36819285,10:13:39:285,47.79,100
36819289,10:13:39:289,47.79,100
36819291,10:13:39:291,47.79,200
36824788,10:13:44:788,47.8,100
36839758,10:13:59:758,47.8,100
36854803,10:14:14:803,47.8,100
36859299,10:14:19:299,47.79,200
36859299,10:14:19:299,47.79,300
36859299,10:14:19:299,47.79,100
36859299,10:14:19:299,47.79,100
36859299,10:14:19:299,47.79,100
36859300,10:14:19:300,47.79,100
36859300,10:14:19:300,47.79,100
36859300,10:14:19:300,47.79,100
36859300,10:14:19:300,47.79,67
36859300,10:14:19:300,47.79,10
36859308,10:14:19:308,47.78,300
36859319,10:14:19:319,47.79,100
36859323,10:14:19:323,47.79,100
36859323,10:14:19:323,47.79,100
36859323,10:14:19:323,47.79,100
36859323,10:14:19:323,47.79,100
36859323,10:14:19:323,47.79,100
36859351,10:14:19:351,47.79,100
36859351,10:14:19:351,47.79,100
36862257,10:14:22:257,47.79,90
36865439,10:14:25:439,47.79,100
36865439,10:14:25:439,47.79,200
36865440,10:14:25:440,47.79,10
36865586,10:14:25:586,47.79,100
36866256,10:14:26:256,47.78,100
36872669,10:14:32:669,47.79,100
36872698,10:14:32:698,47.79,100
36872767,10:14:32:767,47.78,100
36872780,10:14:32:780,47.79,100
36872780,10:14:32:780,47.79,100
36872784,10:14:32:784,47.79,100
36875068,10:14:35:68,47.7954,200
36875069,10:14:35:69,47.7954,100
36880233,10:14:40:233,47.78,100
36880234,10:14:40:234,47.78,100
36880234,10:14:40:234,47.78,13
36880234,10:14:40:234,47.78,87
36880234,10:14:40:234,47.78,13
36880234,10:14:40:234,47.78,100
36881016,10:14:41:16,47.77,100
36881813,10:14:41:813,47.77,100
36881814,10:14:41:814,47.78,100
36895366,10:14:55:366,47.76,44
36896067,10:14:56:67,47.76,100
36896067,10:14:56:67,47.76,100
36896067,10:14:56:67,47.76,100
36896067,10:14:56:67,47.76,100
36896067,10:14:56:67,47.76,56
36899478,10:14:59:478,47.758,90
36909427,10:15:9:427,47.75,10
36909427,10:15:9:427,47.75,10
36909427,10:15:9:427,47.75,20
36909427,10:15:9:427,47.75,10
36909427,10:15:9:427,47.75,10
36909430,10:15:9:430,47.75,20
36911205,10:15:11:205,47.76,200
36911205,10:15:11:205,47.76,100
36911205,10:15:11:205,47.76,100
36911205,10:15:11:205,47.76,100
36911205,10:15:11:205,47.76,100
36911208,10:15:11:208,47.76,100
36911212,10:15:11:212,47.76,118
36911212,10:15:11:212,47.76,82
36911324,10:15:11:324,47.76,100
36912660,10:15:12:660,47.7685,100
36912874,10:15:12:874,47.76,20
36912874,10:15:12:874,47.76,40
36913154,10:15:13:154,47.76,100
36935082,10:15:35:82,47.7646,100
36944698,10:15:44:698,47.77,100
36944699,10:15:44:699,47.765,100
36944708,10:15:44:708,47.77,100
36944712,10:15:44:712,47.77,100
36953534,10:15:53:534,47.76,14
36956218,10:15:56:218,47.77,100
36960054,10:16:0:54,47.77,100
36960055,10:16:0:55,47.77,100
36960055,10:16:0:55,47.77,100
36966517,10:16:6:517,47.78,100
36982055,10:16:22:55,47.7601,44
36995130,10:16:35:130,47.76,5
37019925,10:16:59:925,47.76,100
37019936,10:16:59:936,47.76,200
37019937,10:16:59:937,47.76,238
37019937,10:16:59:937,47.76,100
37019937,10:16:59:937,47.76,95
37019937,10:16:59:937,47.76,100
37019938,10:16:59:938,47.75,100
37019938,10:16:59:938,47.75,100
37019938,10:16:59:938,47.75,200
37019938,10:16:59:938,47.75,100
37019938,10:16:59:938,47.76,100
37019938,10:16:59:938,47.75,100
37019938,10:16:59:938,47.75,100
37019938,10:16:59:938,47.75,100
37019938,10:16:59:938,47.75,100
37019938,10:16:59:938,47.75,100
37019938,10:16:59:938,47.75,100
37019938,10:16:59:938,47.75,100
37020328,10:17:0:328,47.75,100
37022995,10:17:2:995,47.75,1
37022995,10:17:2:995,47.75,100
37024105,10:17:4:105,47.745,100
37025534,10:17:5:534,47.75,100
37025558,10:17:5:558,47.75,100
37030659,10:17:10:659,47.74,100
37030662,10:17:10:662,47.74,70
37055404,10:17:35:404,47.75,100
37055405,10:17:35:405,47.75,100
37055405,10:17:35:405,47.75,100
37055979,10:17:35:979,47.75,61
37070820,10:17:50:820,47.7529,21
37084451,10:18:4:451,47.75,300
37084451,10:18:4:451,47.75,100
37084451,10:18:4:451,47.75,100
37084910,10:18:4:910,47.75,100
37085810,10:18:5:810,47.7465,1800
37086599,10:18:6:599,47.76,100
37086599,10:18:6:599,47.76,100
37086600,10:18:6:600,47.75,100
37086602,10:18:6:602,47.76,100
37086618,10:18:6:618,47.75,200
37087127,10:18:7:127,47.76,100
37091121,10:18:11:121,47.76,100
37091456,10:18:11:456,47.76,100
37110049,10:18:30:49,47.755,100
37115144,10:18:35:144,47.7599,15
37115811,10:18:35:811,47.76,100
37129945,10:18:49:945,47.76,100
37129945,10:18:49:945,47.76,100
37129946,10:18:49:946,47.76,100
37129946,10:18:49:946,47.76,100
37165315,10:19:25:315,47.75,1
37171580,10:19:31:580,47.7504,2
37195047,10:19:55:47,47.754,14
37202035,10:20:2:35,47.77,30
37206540,10:20:6:540,47.77,100
37256665,10:20:56:665,47.76,300
37256665,10:20:56:665,47.76,100
37256688,10:20:56:688,47.76,100
37257340,10:20:57:340,47.77,100
37257343,10:20:57:343,47.77,100
37269750,10:21:9:750,47.77,100
37270566,10:21:10:566,47.78,100
37272886,10:21:12:886,47.78,100
37277382,10:21:17:382,47.78,100
37284089,10:21:24:89,47.78,100
37284089,10:21:24:89,47.78,200
37284089,10:21:24:89,47.78,151
37284091,10:21:24:91,47.78,100
37284091,10:21:24:91,47.78,100
37284104,10:21:24:104,47.78,100
37284108,10:21:24:108,47.78,100
37284223,10:21:24:223,47.79,100
37287739,10:21:27:739,47.8,100
37346161,10:22:26:161,47.8,100
37346405,10:22:26:405,47.8,100
37346405,10:22:26:405,47.8,100
37346405,10:22:26:405,47.8,100
37346405,10:22:26:405,47.8,2
37351240,10:22:31:240,47.79,200
37351240,10:22:31:240,47.79,51
37351240,10:22:31:240,47.79,200
37351240,10:22:31:240,47.79,249
37351240,10:22:31:240,47.79,100
37372225,10:22:52:225,47.79,200
37372227,10:22:52:227,47.78,100
37372229,10:22:52:229,47.79,100
37372230,10:22:52:230,47.78,100
37372231,10:22:52:231,47.78,100
37372231,10:22:52:231,47.78,200
37372232,10:22:52:232,47.78,100
37372232,10:22:52:232,47.78,100
37372239,10:22:52:239,47.78,100
37372239,10:22:52:239,47.78,100
37372239,10:22:52:239,47.78,100
37372239,10:22:52:239,47.78,10
37372239,10:22:52:239,47.78,10
37372240,10:22:52:240,47.78,80
37372240,10:22:52:240,47.78,100
37372240,10:22:52:240,47.79,100
37372241,10:22:52:241,47.78,100
37372241,10:22:52:241,47.78,100
37372241,10:22:52:241,47.78,100
37372241,10:22:52:241,47.78,1
37372241,10:22:52:241,47.78,100
37372241,10:22:52:241,47.78,100
37372245,10:22:52:245,47.79,100
37372246,10:22:52:246,47.79,100
37372248,10:22:52:248,47.785,100
37372248,10:22:52:248,47.79,100
37372248,10:22:52:248,47.79,100
37372249,10:22:52:249,47.79,10
37372249,10:22:52:249,47.79,10
37372249,10:22:52:249,47.79,80
37372251,10:22:52:251,47.79,100
37372718,10:22:52:718,47.8,100
37377234,10:22:57:234,47.78,100
37377234,10:22:57:234,47.78,100
37377234,10:22:57:234,47.78,200
37377253,10:22:57:253,47.78,100
37381985,10:23:1:985,47.78,100
37381986,10:23:1:986,47.78,100
37381986,10:23:1:986,47.78,100
37382885,10:23:2:885,47.78,100
37383322,10:23:3:322,47.79,100
37388998,10:23:8:998,47.79,100
37389002,10:23:9:2,47.79,100
37389167,10:23:9:167,47.79,100
37397232,10:23:17:232,47.79,100
37397529,10:23:17:529,47.79,100
37398667,10:23:18:667,47.78,28
37406165,10:23:26:165,47.78,100
37406165,10:23:26:165,47.78,200
37406165,10:23:26:165,47.78,200
37406165,10:23:26:165,47.78,72
37406165,10:23:26:165,47.78,100
37406165,10:23:26:165,47.78,100
37406165,10:23:26:165,47.78,45
37406165,10:23:26:165,47.78,100
37406165,10:23:26:165,47.78,55
37406165,10:23:26:165,47.78,100
37408768,10:23:28:768,47.77,100
37408768,10:23:28:768,47.77,200
37408771,10:23:28:771,47.76,100
37408771,10:23:28:771,47.76,53
37408772,10:23:28:772,47.76,300
37408774,10:23:28:774,47.76,100
37408774,10:23:28:774,47.76,100
37408774,10:23:28:774,47.76,47
37408774,10:23:28:774,47.76,100
37408795,10:23:28:795,47.76,100
37408809,10:23:28:809,47.76,100
37409006,10:23:29:6,47.76,100
37410375,10:23:30:375,47.76,100
37411066,10:23:31:66,47.75,100
37421336,10:23:41:336,47.76,100
37421337,10:23:41:337,47.76,100
37421337,10:23:41:337,47.76,100
37421337,10:23:41:337,47.76,41
37421407,10:23:41:407,47.77,100
37429800,10:23:49:800,47.75,100
37444461,10:24:4:461,47.74,2
37456458,10:24:16:458,47.7445,52
37470060,10:24:30:60,47.755,100
37471296,10:24:31:296,47.74,7
37471335,10:24:31:335,47.74,2
37471335,10:24:31:335,47.74,98
37471335,10:24:31:335,47.74,100
37471335,10:24:31:335,47.74,100
37472115,10:24:32:115,47.74,100
37472115,10:24:32:115,47.74,300
37472116,10:24:32:116,47.74,200
37472117,10:24:32:117,47.74,500
37479784,10:24:39:784,47.74,1500
37480969,10:24:40:969,47.7555,100
37493044,10:24:53:44,47.75,10
37506801,10:25:6:801,47.74,300
37507366,10:25:7:366,47.75,100
37511722,10:25:11:722,47.76,100
37512300,10:25:12:300,47.75,100
37512300,10:25:12:300,47.75,100
37515141,10:25:15:141,47.76,100
37515141,10:25:15:141,47.76,200
37515143,10:25:15:143,47.76,28
37516761,10:25:16:761,47.77,100
37517007,10:25:17:7,47.78,100
37517007,10:25:17:7,47.78,100
37517007,10:25:17:7,47.78,100
37520274,10:25:20:274,47.78,300
37521951,10:25:21:951,47.79,100
37525660,10:25:25:660,47.78,100
37525660,10:25:25:660,47.78,100
37525660,10:25:25:660,47.78,200
37525660,10:25:25:660,47.78,100
37525661,10:25:25:661,47.78,100
37525661,10:25:25:661,47.78,100
37525661,10:25:25:661,47.78,100
37525927,10:25:25:927,47.78,100
37526315,10:25:26:315,47.7785,100
37535088,10:25:35:88,47.7649,500
37535088,10:25:35:88,47.7649,100
37535113,10:25:35:113,47.77,100
37549071,10:25:49:71,47.76,200
37549071,10:25:49:71,47.76,100
37549073,10:25:49:73,47.75,100
37549073,10:25:49:73,47.75,100
37551385,10:25:51:385,47.76,40
37551763,10:25:51:763,47.767,100
37604639,10:26:44:639,47.75,100
37604640,10:26:44:640,47.75,1
37604641,10:26:44:641,47.75,13
37641785,10:27:21:785,47.7599,1
37647688,10:27:27:688,47.7503,95
37696873,10:28:16:873,47.76,100
37697868,10:28:17:868,47.76,300
37697868,10:28:17:868,47.76,100
37697868,10:28:17:868,47.76,100
37697870,10:28:17:870,47.78,100
37697870,10:28:17:870,47.78,100
37697870,10:28:17:870,47.78,100
37697872,10:28:17:872,47.79,50
37697873,10:28:17:873,47.79,50
37697873,10:28:17:873,47.79,100
37697873,10:28:17:873,47.79,50
37697875,10:28:17:875,47.79,50
37697875,10:28:17:875,47.78,100
37697876,10:28:17:876,47.79,100
37697876,10:28:17:876,47.79,100
37699016,10:28:19:16,47.77,100
37699016,10:28:19:16,47.77,100
37699017,10:28:19:17,47.77,100
37699017,10:28:19:17,47.76,200
37699017,10:28:19:17,47.76,100
37699110,10:28:19:110,47.75,100
37699112,10:28:19:112,47.75,100
37699112,10:28:19:112,47.75,100
37699113,10:28:19:113,47.75,100
37699113,10:28:19:113,47.75,100
37699113,10:28:19:113,47.75,100
37699113,10:28:19:113,47.75,100
37699113,10:28:19:113,47.75,100
37699113,10:28:19:113,47.75,100
37699113,10:28:19:113,47.75,100
37699194,10:28:19:194,47.75,100
37699199,10:28:19:199,47.75,100
37710089,10:28:30:89,47.76,100
37710093,10:28:30:93,47.76,100
37710696,10:28:30:696,47.754,100
37746514,10:29:6:514,47.76,100
37746514,10:29:6:514,47.76,300
37746514,10:29:6:514,47.76,500
37746517,10:29:6:517,47.77,100
37746517,10:29:6:517,47.76,100
37746517,10:29:6:517,47.76,200
37746517,10:29:6:517,47.76,100
37746517,10:29:6:517,47.76,100
37746517,10:29:6:517,47.76,46
37746517,10:29:6:517,47.76,100
37746518,10:29:6:518,47.76,100
37746518,10:29:6:518,47.76,100
37746520,10:29:6:520,47.76,200
37746521,10:29:6:521,47.76,100
37747054,10:29:7:54,47.76,100
37747056,10:29:7:56,47.76,100
37747057,10:29:7:57,47.76,200
37747058,10:29:7:58,47.76,300
37747059,10:29:7:59,47.76,100
37748323,10:29:8:323,47.74,4
37750005,10:29:10:5,47.77,100
37750013,10:29:10:13,47.77,100
37761818,10:29:21:818,47.7618,300
37761821,10:29:21:821,47.7618,100
37801143,10:30:1:143,47.76,100
37801143,10:30:1:143,47.76,2
37801147,10:30:1:147,47.77,100
37801147,10:30:1:147,47.77,100
37802814,10:30:2:814,47.77,100
37802814,10:30:2:814,47.77,100
37802814,10:30:2:814,47.77,46
37802814,10:30:2:814,47.77,100
37802814,10:30:2:814,47.77,100
37802814,10:30:2:814,47.77,100
37805738,10:30:5:738,47.7709,10
37807961,10:30:7:961,47.79,70
37807974,10:30:7:974,47.79,100
37807974,10:30:7:974,47.79,100
37807975,10:30:7:975,47.79,20
37807989,10:30:7:989,47.79,100
37810740,10:30:10:740,47.79,100
37811472,10:30:11:472,47.8,100
37814997,10:30:14:997,47.8,100
37839762,10:30:39:762,47.8,100
37840657,10:30:40:657,47.8,100
37861394,10:31:1:394,47.81,100
37864076,10:31:4:76,47.8,100
37873644,10:31:13:644,47.8,200
37883606,10:31:23:606,47.8,100
37883606,10:31:23:606,47.8,100
37885082,10:31:25:82,47.8,100
37902167,10:31:42:167,47.8,100
37909139,10:31:49:139,47.8,400
37909139,10:31:49:139,47.8,100
37909139,10:31:49:139,47.8,78
37909139,10:31:49:139,47.8,200
37909139,10:31:49:139,47.8,100
37909139,10:31:49:139,47.8,22
37909140,10:31:49:140,47.8,78
37909143,10:31:49:143,47.8,100
37909143,10:31:49:143,47.8,100
37909593,10:31:49:593,47.8,200
37910701,10:31:50:701,47.8,100
37911098,10:31:51:98,47.8,100
37911253,10:31:51:253,47.7957,1
37912098,10:31:52:98,47.8,100
37919107,10:31:59:107,47.8,200
37919107,10:31:59:107,47.8,100
37919108,10:31:59:108,47.8,100
37919108,10:31:59:108,47.8,100
37919114,10:31:59:114,47.8,200
37919114,10:31:59:114,47.8,100
37919114,10:31:59:114,47.8,100
37919128,10:31:59:128,47.8,100
37919799,10:31:59:799,47.805,200
37920311,10:32:0:311,47.81,200
37920765,10:32:0:765,47.81,100
37923891,10:32:3:891,47.8,100
37939537,10:32:19:537,47.8,100
37950895,10:32:30:895,47.8,100
37954465,10:32:34:465,47.81,5
37976889,10:32:56:889,47.79,1
37983890,10:33:3:890,47.8,100
37986771,10:33:6:771,47.7974,100
37999894,10:33:19:894,47.8,100
38006655,10:33:26:655,47.8,200
38011617,10:33:31:617,47.8,100
38043900,10:34:3:900,47.8,100
38047693,10:34:7:693,47.804,100
38069326,10:34:29:326,47.8,100
38069360,10:34:29:360,47.8,100
38069360,10:34:29:360,47.8,100
38070031,10:34:30:31,47.8,200
38070814,10:34:30:814,47.8,100
38071765,10:34:31:765,47.8,100
38073004,10:34:33:4,47.8,100
38073013,10:34:33:13,47.8,100
38073014,10:34:33:14,47.8,100
38073307,10:34:33:307,47.8,13
38101108,10:35:1:108,47.8,87
38101876,10:35:1:876,47.8,100
38101876,10:35:1:876,47.8,200
38101876,10:35:1:876,47.8,10
38101876,10:35:1:876,47.8,10
38101876,10:35:1:876,47.8,10
38101876,10:35:1:876,47.8,10
38101876,10:35:1:876,47.8,300
38101878,10:35:1:878,47.8,100
38101878,10:35:1:878,47.8,100
38103514,10:35:3:514,47.8,5
38103900,10:35:3:900,47.81,100
38103903,10:35:3:903,47.8,100
38113485,10:35:13:485,47.81,100
38113486,10:35:13:486,47.81,100
38113486,10:35:13:486,47.81,100
38113588,10:35:13:588,47.8,100
38139706,10:35:39:706,47.8,200
38154466,10:35:54:466,47.81,100
38163905,10:36:3:905,47.8,100
38164108,10:36:4:108,47.8,15
38164108,10:36:4:108,47.79,485
38164108,10:36:4:108,47.79,100
38164108,10:36:4:108,47.79,100
38164108,10:36:4:108,47.79,100
38164108,10:36:4:108,47.79,3
38168080,10:36:8:80,47.79,52
38236387,10:37:16:387,47.8,100
38250013,10:37:30:13,47.8,184
38250013,10:37:30:13,47.8,100
38250013,10:37:30:13,47.8,100
38250013,10:37:30:13,47.8,48
38250013,10:37:30:13,47.8,282
38250013,10:37:30:13,47.8,9
38250013,10:37:30:13,47.8,52
38250013,10:37:30:13,47.8,512
38250013,10:37:30:13,47.8,100
38250013,10:37:30:13,47.8,249
38250014,10:37:30:14,47.8,100
38250014,10:37:30:14,47.8,200
38250014,10:37:30:14,47.8,100
38250014,10:37:30:14,47.8,100
38250022,10:37:30:22,47.8,100
38250795,10:37:30:795,47.79,2
38250795,10:37:30:795,47.79,98
38250795,10:37:30:795,47.79,100
38250910,10:37:30:910,47.79,100
38252217,10:37:32:217,47.8,100
38252217,10:37:32:217,47.8,100
38254509,10:37:34:509,47.8,100
38254514,10:37:34:514,47.8,100
38255926,10:37:35:926,47.8,300
38255926,10:37:35:926,47.8,200
38255926,10:37:35:926,47.8,100
38256559,10:37:36:559,47.8,100
38256705,10:37:36:705,47.79,100
38263509,10:37:43:509,47.81,100
38263509,10:37:43:509,47.8,100
38263509,10:37:43:509,47.81,900
38263509,10:37:43:509,47.81,100
38264271,10:37:44:271,47.8,200
38271398,10:37:51:398,47.81,100
38273774,10:37:53:774,47.8,200
38287596,10:38:7:596,47.8,100
38295220,10:38:15:220,47.8,1000
38295318,10:38:15:318,47.8,200
38299864,10:38:19:864,47.8,100
38300004,10:38:20:4,47.8,100
38300124,10:38:20:124,47.81,100
38304390,10:38:24:390,47.79,1
38361875,10:39:21:875,47.7988,100
38361875,10:39:21:875,47.7988,100
38361875,10:39:21:875,47.7988,100
38361876,10:39:21:876,47.7988,200
38361878,10:39:21:878,47.7988,100
38400111,10:40:0:111,47.79,10
38406819,10:40:6:819,47.8,200
38409935,10:40:9:935,47.8,2
38415419,10:40:15:419,47.8,100
38419891,10:40:19:891,47.8,100
38421041,10:40:21:41,47.79,400
38421041,10:40:21:41,47.79,100
38421041,10:40:21:41,47.79,100
38421041,10:40:21:41,47.79,100
38421041,10:40:21:41,47.79,20
38421041,10:40:21:41,47.79,100
38421041,10:40:21:41,47.79,100
38421041,10:40:21:41,47.79,100
38421042,10:40:21:42,47.79,13
38421048,10:40:21:48,47.79,100
38421076,10:40:21:76,47.79,100
38421193,10:40:21:193,47.79,87
38421196,10:40:21:196,47.79,100
38421196,10:40:21:196,47.79,13
38421490,10:40:21:490,47.8,100
38422104,10:40:22:104,47.79,100
38422104,10:40:22:104,47.79,100
38422242,10:40:22:242,47.79,100
38428124,10:40:28:124,47.79,100
38428134,10:40:28:134,47.78,500
38428134,10:40:28:134,47.78,100
38428134,10:40:28:134,47.78,100
38428134,10:40:28:134,47.78,100
38428134,10:40:28:134,47.78,22
38428134,10:40:28:134,47.78,100
38428134,10:40:28:134,47.78,100
38428134,10:40:28:134,47.78,100
38428135,10:40:28:135,47.78,2
38428138,10:40:28:138,47.78,78
38428138,10:40:28:138,47.78,20
38428138,10:40:28:138,47.78,100
38428140,10:40:28:140,47.78,100
38428176,10:40:28:176,47.78,100
38428179,10:40:28:179,47.78,100
38429692,10:40:29:692,47.78,100
38429699,10:40:29:699,47.78,13
38430215,10:40:30:215,47.79,100
38439006,10:40:39:6,47.78,1
38439806,10:40:39:806,47.78,100
38440033,10:40:40:33,47.78,100
38440033,10:40:40:33,47.78,100
38440966,10:40:40:966,47.79,100
38446599,10:40:46:599,47.77,100
38448780,10:40:48:780,47.79,100
38455331,10:40:55:331,47.7899,1
38457212,10:40:57:212,47.79,200
38459647,10:40:59:647,47.77,15
38460585,10:41:0:585,47.79,100
38460585,10:41:0:585,47.79,100
38460585,10:41:0:585,47.79,100
38460585,10:41:0:585,47.79,48
38460585,10:41:0:585,47.79,100
38460585,10:41:0:585,47.79,100
38460585,10:41:0:585,47.79,16
38470249,10:41:10:249,47.81,100
38470249,10:41:10:249,47.81,100
38470249,10:41:10:249,47.81,93
38470249,10:41:10:249,47.81,1
38470249,10:41:10:249,47.81,100
38470250,10:41:10:250,47.8,200
38470250,10:41:10:250,47.8,100
38470252,10:41:10:252,47.8,100
38470254,10:41:10:254,47.8,100
38470361,10:41:10:361,47.8,100
38471041,10:41:11:41,47.8,100
38471044,10:41:11:44,47.8,100
38471197,10:41:11:197,47.8,100
38476398,10:41:16:398,47.81,100
38513835,10:41:53:835,47.8001,3
38517523,10:41:57:523,47.8,100
38519936,10:41:59:936,47.81,10
38526347,10:42:6:347,47.8,9
38538563,10:42:18:563,47.805,100
38538563,10:42:18:563,47.81,200
38563362,10:42:43:362,47.7911,300
38563363,10:42:43:363,47.7911,100
38567765,10:42:47:765,47.8,100
38568853,10:42:48:853,47.8,100
38568853,10:42:48:853,47.8,192
38568853,10:42:48:853,47.8,199
38568853,10:42:48:853,47.8,100
38568853,10:42:48:853,47.8,100
38568854,10:42:48:854,47.8,100
38568900,10:42:48:900,47.8,15
38568906,10:42:48:906,47.8,185
38569855,10:42:49:855,47.8,100
38570182,10:42:50:182,47.8,100
38579927,10:42:59:927,47.79,10
38587765,10:43:7:765,47.79,100
38587765,10:43:7:765,47.79,1
38601890,10:43:21:890,47.8,100
38601891,10:43:21:891,47.8,100
38616795,10:43:36:795,47.79,100
38617146,10:43:37:146,47.8,100
38626617,10:43:46:617,47.8,100
38637941,10:43:57:941,47.79,40
38637941,10:43:57:941,47.78,60
38637941,10:43:57:941,47.79,13
38638187,10:43:58:187,47.79,100
38661030,10:44:21:30,47.79,100
38661031,10:44:21:31,47.79,100
38661046,10:44:21:46,47.79,100
38661047,10:44:21:47,47.79,100
38661047,10:44:21:47,47.79,400
38661047,10:44:21:47,47.79,52
38661048,10:44:21:48,47.79,100
38665275,10:44:25:275,47.7801,180
38672103,10:44:32:103,47.79,48
38672103,10:44:32:103,47.79,52
38681049,10:44:41:49,47.79,100
38691398,10:44:51:398,47.78,100
38691398,10:44:51:398,47.78,5
38691582,10:44:51:582,47.78,95
38692181,10:44:52:181,47.79,100
38692183,10:44:52:183,47.79,15
38692183,10:44:52:183,47.79,35
38692183,10:44:52:183,47.79,50
38698047,10:44:58:47,47.79,28
38698831,10:44:58:831,47.79,13
38698891,10:44:58:891,47.79,59
38698891,10:44:58:891,47.79,41
38699043,10:44:59:43,47.79,59
38699043,10:44:59:43,47.79,7
38699043,10:44:59:43,47.79,34
38700014,10:45:0:14,47.79,1
38719475,10:45:19:475,47.8,200
38733155,10:45:33:155,47.79,100
38738263,10:45:38:263,47.8,100
38739642,10:45:39:642,47.79,500
38739642,10:45:39:642,47.79,100
38739642,10:45:39:642,47.79,100
38739642,10:45:39:642,47.79,88
38739642,10:45:39:642,47.79,100
38739643,10:45:39:643,47.79,100
38739643,10:45:39:643,47.79,100
38739794,10:45:39:794,47.79,100
38739797,10:45:39:797,47.79,100
38739804,10:45:39:804,47.79,100
38740421,10:45:40:421,47.8,100
38740435,10:45:40:435,47.79,1
38740452,10:45:40:452,47.79,100
38740502,10:45:40:502,47.78,100
38740991,10:45:40:991,47.8,100
38754924,10:45:54:924,47.8,99
38758211,10:45:58:211,47.79,100
38758213,10:45:58:213,47.79,26
38761251,10:46:1:251,47.79,10
38761274,10:46:1:274,47.79,10
38767409,10:46:7:409,47.79,90
38778164,10:46:18:164,47.78,100
38778164,10:46:18:164,47.78,100
38778164,10:46:18:164,47.78,1
38780215,10:46:20:215,47.79,100
38780791,10:46:20:791,47.79,200
38786240,10:46:26:240,47.7772,16
38802109,10:46:42:109,47.7899,2
38811049,10:46:51:49,47.79,100
38816831,10:46:56:831,47.79,5
38816852,10:46:56:852,47.785,100
38816855,10:46:56:855,47.78,100
38816855,10:46:56:855,47.78,13
38816855,10:46:56:855,47.78,100
38816855,10:46:56:855,47.78,87
38816855,10:46:56:855,47.78,49
38816856,10:46:56:856,47.78,85
38816856,10:46:56:856,47.78,13
38817948,10:46:57:948,47.7791,483
38818127,10:46:58:127,47.78,100
38824491,10:47:4:491,47.78,100
38844603,10:47:24:603,47.78,200
38847479,10:47:27:479,47.78,300
38847479,10:47:27:479,47.78,44
38847479,10:47:27:479,47.78,56
38847479,10:47:27:479,47.78,265
38847479,10:47:27:479,47.78,88
38847479,10:47:27:479,47.78,100
38847479,10:47:27:479,47.78,12
38847479,10:47:27:479,47.78,135
38847479,10:47:27:479,47.78,88
38847479,10:47:27:479,47.78,12
38847479,10:47:27:479,47.78,100
38847486,10:47:27:486,47.78,100
38848307,10:47:28:307,47.79,100
38848310,10:47:28:310,47.79,100
38856707,10:47:36:707,47.7757,50
38856735,10:47:36:735,47.79,100
38856736,10:47:36:736,47.79,100
38860617,10:47:40:617,47.79,100
38875876,10:47:55:876,47.79,100
38875876,10:47:55:876,47.79,33
38875877,10:47:55:877,47.79,100
38875877,10:47:55:877,47.79,71
38875877,10:47:55:877,47.79,29
38905310,10:48:25:310,47.79,100
38905310,10:48:25:310,47.79,100
38905437,10:48:25:437,47.79,100
38908935,10:48:28:935,47.8,100
38909562,10:48:29:562,47.8,100
38914562,10:48:34:562,47.79,100
38914562,10:48:34:562,47.79,100
38914599,10:48:34:599,47.79,100
38914599,10:48:34:599,47.79,10
38914599,10:48:34:599,47.79,10
38916711,10:48:36:711,47.78,100
38916711,10:48:36:711,47.78,200
38916711,10:48:36:711,47.78,100
38916712,10:48:36:712,47.79,100
38916712,10:48:36:712,47.77,100
38916712,10:48:36:712,47.77,100
38916712,10:48:36:712,47.77,800
38916713,10:48:36:713,47.77,100
38916713,10:48:36:713,47.77,100
38916713,10:48:36:713,47.77,100
38916713,10:48:36:713,47.77,100
38916821,10:48:36:821,47.78,100
38922816,10:48:42:816,47.77,100
38922832,10:48:42:832,47.77,100
38922930,10:48:42:930,47.77,100
38929076,10:48:49:76,47.76,6
38930122,10:48:50:122,47.77,100
38940604,10:49:0:604,47.76,58
38962646,10:49:22:646,47.77,2
38967935,10:49:27:935,47.77,200
38974164,10:49:34:164,47.76,83
38988979,10:49:48:979,47.7641,76
38992270,10:49:52:270,47.77,200
38992270,10:49:52:270,47.77,98
38992270,10:49:52:270,47.77,2
38992271,10:49:52:271,47.77,98
38992293,10:49:52:293,47.78,101
38992293,10:49:52:293,47.78,100
38992293,10:49:52:293,47.78,100
38992294,10:49:52:294,47.78,100
38992294,10:49:52:294,47.78,100
38992295,10:49:52:295,47.78,100
38992352,10:49:52:352,47.79,100
39013999,10:50:13:999,47.78,1
39015930,10:50:15:930,47.785,100
39015930,10:50:15:930,47.78,100
39015930,10:50:15:930,47.78,99
39015930,10:50:15:930,47.78,100
39015931,10:50:15:931,47.78,100
39027688,10:50:27:688,47.785,300
39027690,10:50:27:690,47.785,100
39027748,10:50:27:748,47.78,100
39045239,10:50:45:239,47.7783,225
39047926,10:50:47:926,47.78,100
39054923,10:50:54:923,47.78,26
39078759,10:51:18:759,47.78,1
39087157,10:51:27:157,47.78,199
39087157,10:51:27:157,47.78,100
39087157,10:51:27:157,47.78,49
39087157,10:51:27:157,47.78,51
39087157,10:51:27:157,47.78,100
39093433,10:51:33:433,47.79,100
39099463,10:51:39:463,47.79,8
39099463,10:51:39:463,47.79,92
39099464,10:51:39:464,47.79,108
39099464,10:51:39:464,47.79,92
39099464,10:51:39:464,47.79,56
39099479,10:51:39:479,47.79,68
39101857,10:51:41:857,47.79,100
39101857,10:51:41:857,47.79,90
39101859,10:51:41:859,47.79,56
39101866,10:51:41:866,47.79,9
39103486,10:51:43:486,47.8,100
39108806,10:51:48:806,47.8,138
39138766,10:52:18:766,47.7999,2
39149896,10:52:29:896,47.8,100
39154237,10:52:34:237,47.8,100
39161836,10:52:41:836,47.792,55
39171905,10:52:51:905,47.8,100
39171915,10:52:51:915,47.79,500
39171916,10:52:51:916,47.79,100
39171916,10:52:51:916,47.795,1
39171916,10:52:51:916,47.79,99
39171916,10:52:51:916,47.79,1
39171916,10:52:51:916,47.79,100
39171916,10:52:51:916,47.79,100
39172175,10:52:52:175,47.795,200
39189308,10:53:9:308,47.79,100
39189610,10:53:9:610,47.8,100
39194194,10:53:14:194,47.8,100
39207017,10:53:27:17,47.8,100
39211896,10:53:31:896,47.8,100
39211921,10:53:31:921,47.795,13
39229767,10:53:49:767,47.79,200
39229767,10:53:49:767,47.79,100
39229767,10:53:49:767,47.79,13
39229767,10:53:49:767,47.79,100
39230888,10:53:50:888,47.79,100
39236024,10:53:56:24,47.78,200
39236024,10:53:56:24,47.78,100
39236024,10:53:56:24,47.78,13
39236024,10:53:56:24,47.78,13
39238652,10:53:58:652,47.78,13
39239300,10:53:59:300,47.78,100
39250817,10:54:10:817,47.774,29
39252198,10:54:12:198,47.78,100
39254035,10:54:14:35,47.78,26
39254076,10:54:14:76,47.78,61
39269035,10:54:29:35,47.775,100
39300941,10:55:0:941,47.78,39
39306015,10:55:6:15,47.78,100
39307852,10:55:7:852,47.77,100
39307852,10:55:7:852,47.77,13
39307852,10:55:7:852,47.77,100
39307854,10:55:7:854,47.76,10
39307890,10:55:7:890,47.77,100
39321072,10:55:21:72,47.78,100
39323768,10:55:23:768,47.78,200
39347616,10:55:47:616,47.78,100
39347617,10:55:47:617,47.78,124
39347621,10:55:47:621,47.78,100
39347621,10:55:47:621,47.78,100
39347621,10:55:47:621,47.78,100
39347626,10:55:47:626,47.79,100
39360948,10:56:0:948,47.79,100
39360948,10:56:0:948,47.79,100
39360949,10:56:0:949,47.79,100
39363943,10:56:3:943,47.8,100
39400055,10:56:40:55,47.79,7
39400055,10:56:40:55,47.79,6
39400059,10:56:40:59,47.78,54
39400062,10:56:40:62,47.7851,54
39401914,10:56:41:914,47.79,1
39401924,10:56:41:924,47.79,99
39401924,10:56:41:924,47.79,100
39425854,10:57:5:854,47.7999,2
39437184,10:57:17:184,47.785,100
39445872,10:57:25:872,47.79,100
39455406,10:57:35:406,47.785,400
39455408,10:57:35:408,47.78,100
39455408,10:57:35:408,47.78,100
39455408,10:57:35:408,47.78,100
39469335,10:57:49:335,47.775,200
39470026,10:57:50:26,47.78,20
39470032,10:57:50:32,47.78,548
39470041,10:57:50:41,47.7789,252
39470618,10:57:50:618,47.78,1
39472014,10:57:52:14,47.78,100
39472015,10:57:52:15,47.78,100
39472015,10:57:52:15,47.78,99
39472015,10:57:52:15,47.78,80
39472015,10:57:52:15,47.78,100
39472015,10:57:52:15,47.78,100
39473327,10:57:53:327,47.79,100
39473329,10:57:53:329,47.79,100
39473427,10:57:53:427,47.79,1
39473427,10:57:53:427,47.79,99
39488021,10:58:8:21,47.79,100
39488046,10:58:8:46,47.8,100
39488046,10:58:8:46,47.8,100
39488046,10:58:8:46,47.8,100
39488046,10:58:8:46,47.8,100
39488046,10:58:8:46,47.79,56
39488046,10:58:8:46,47.8,2
39488046,10:58:8:46,47.8,44
39488046,10:58:8:46,47.8,100
39488046,10:58:8:46,47.8,72
39488046,10:58:8:46,47.8,100
39488048,10:58:8:48,47.8,100
39488052,10:58:8:52,47.8,100
39488165,10:58:8:165,47.805,100
39488378,10:58:8:378,47.8,100
39498572,10:58:18:572,47.8,100
39498572,10:58:18:572,47.8,100
39498572,10:58:18:572,47.8,10
39498575,10:58:18:575,47.8,100
39498980,10:58:18:980,47.81,100
39508101,10:58:28:101,47.8,100
39508213,10:58:28:213,47.8,100
39516275,10:58:36:275,47.7877,400
39516277,10:58:36:277,47.7877,100
39516278,10:58:36:278,47.7877,100
39537724,10:58:57:724,47.81,100
39537724,10:58:57:724,47.81,400
39537724,10:58:57:724,47.81,100
39537724,10:58:57:724,47.81,100
39537725,10:58:57:725,47.8,200
39537725,10:58:57:725,47.8,100
39537725,10:58:57:725,47.8,200
39537727,10:58:57:727,47.8,200
39537729,10:58:57:729,47.8,100
39537729,10:58:57:729,47.8,100
39537729,10:58:57:729,47.8,100
39537729,10:58:57:729,47.8,100
39537729,10:58:57:729,47.8,200
39537731,10:58:57:731,47.79,11
39537808,10:58:57:808,47.8,100
39537814,10:58:57:814,47.8025,100
39537845,10:58:57:845,47.8,300
39537846,10:58:57:846,47.8,100
39538212,10:58:58:212,47.8,100
39541343,10:59:1:343,47.79,215
39541394,10:59:1:394,47.795,100
39541424,10:59:1:424,47.79,85
39541695,10:59:1:695,47.8,100
39541968,10:59:1:968,47.8,100
39542463,10:59:2:463,47.8,100
39550080,10:59:10:80,47.79,100
39553975,10:59:13:975,47.795,100
39558474,10:59:18:474,47.795,200
39563019,10:59:23:19,47.79,100
39568018,10:59:28:18,47.79,100
39568018,10:59:28:18,47.79,100
39568019,10:59:28:19,47.79,100
39568618,10:59:28:618,47.79,100
39578019,10:59:38:19,47.78,100
39578020,10:59:38:20,47.78,1
39578209,10:59:38:209,47.775,100
39579262,10:59:39:262,47.775,200
39581958,10:59:41:958,47.78,12
39586058,10:59:46:58,47.76,4
39596051,10:59:56:51,47.76,100
39607477,11:0:7:477,47.76,200
39608452,11:0:8:452,47.76,100
39640183,11:0:40:183,47.77,100
39640685,11:0:40:685,47.77,100
39640685,11:0:40:685,47.77,160
39640685,11:0:40:685,47.77,26
39640685,11:0:40:685,47.77,200
39640686,11:0:40:686,47.77,75
39640686,11:0:40:686,47.77,239
39643225,11:0:43:225,47.775,400
39656184,11:0:56:184,47.775,5
39658571,11:0:58:571,47.78,100
39666256,11:1:6:256,47.775,300
39666266,11:1:6:266,47.77,200
39666266,11:1:6:266,47.77,100
39666266,11:1:6:266,47.77,100
39666266,11:1:6:266,47.77,100
39666266,11:1:6:266,47.77,5
39666266,11:1:6:266,47.77,100
39666848,11:1:6:848,47.77,100
39666996,11:1:6:996,47.77,100
39667063,11:1:7:63,47.765,400
39675225,11:1:15:225,47.77,100
39677547,11:1:17:547,47.77,2
39677615,11:1:17:615,47.77,100
39690048,11:1:30:48,47.765,5
39692108,11:1:32:108,47.77,43
39709820,11:1:49:820,47.77,57
39709820,11:1:49:820,47.77,198
39709820,11:1:49:820,47.77,100
39709820,11:1:49:820,47.77,300
39710530,11:1:50:530,47.78,100
39710643,11:1:50:643,47.78,100
39711843,11:1:51:843,47.78,100
39711843,11:1:51:843,47.78,100
39711843,11:1:51:843,47.78,100
39711853,11:1:51:853,47.78,200
39711854,11:1:51:854,47.78,100
39711854,11:1:51:854,47.78,100
39711854,11:1:51:854,47.78,100
39711854,11:1:51:854,47.78,100
39711854,11:1:51:854,47.78,100
39718875,11:1:58:875,47.79,100
39727428,11:2:7:428,47.785,200
39742117,11:2:22:117,47.785,200
39754076,11:2:34:76,47.79,100
39760015,11:2:40:15,47.79,100
39761835,11:2:41:835,47.79,100
39761875,11:2:41:875,47.79,100
39766012,11:2:46:12,47.79,100
39787372,11:3:7:372,47.79,100
39787372,11:3:7:372,47.79,100
39787373,11:3:7:373,47.79,100
39787600,11:3:7:600,47.8,100
39791699,11:3:11:699,47.8,100
39796538,11:3:16:538,47.8,85
39796539,11:3:16:539,47.8,15
39796820,11:3:16:820,47.805,100
39796879,11:3:16:879,47.81,100
39796880,11:3:16:880,47.805,100
39803072,11:3:23:72,47.81,100
39805127,11:3:25:127,47.805,100
39806139,11:3:26:139,47.81,100
39810116,11:3:30:116,47.81,100
39810116,11:3:30:116,47.81,200
39810117,11:3:30:117,47.81,100
39810117,11:3:30:117,47.81,100
39810117,11:3:30:117,47.81,100
39810117,11:3:30:117,47.81,100
39810117,11:3:30:117,47.805,100
39810117,11:3:30:117,47.81,100
39810119,11:3:30:119,47.805,100
39810229,11:3:30:229,47.805,100
39810349,11:3:30:349,47.81,100
39810723,11:3:30:723,47.81,100
39810723,11:3:30:723,47.81,5
39810724,11:3:30:724,47.81,100
39810724,11:3:30:724,47.81,100
39814446,11:3:34:446,47.81,100
39815197,11:3:35:197,47.814,100
39839883,11:3:59:883,47.82,100
39839884,11:3:59:884,47.82,100
39839912,11:3:59:912,47.82,10
39839940,11:3:59:940,47.82,65
39839940,11:3:59:940,47.83,40
39839980,11:3:59:980,47.82,100
39839980,11:3:59:980,47.84,50
39839980,11:3:59:980,47.83,100
39839980,11:3:59:980,47.83,100
39839983,11:3:59:983,47.83,50
39839987,11:3:59:987,47.82,100
39845480,11:4:5:480,47.82,200
39855077,11:4:15:77,47.83,100
39865621,11:4:25:621,47.82,100
39866761,11:4:26:761,47.82,100
39869282,11:4:29:282,47.82,100
39903910,11:5:3:910,47.825,59
39922638,11:5:22:638,47.825,100
39955074,11:5:55:74,47.825,500
39955076,11:5:55:76,47.82,100
39955076,11:5:55:76,47.82,100
39955076,11:5:55:76,47.82,100
39955076,11:5:55:76,47.82,400
39955076,11:5:55:76,47.82,100
39955077,11:5:55:77,47.82,100
39955077,11:5:55:77,47.82,100
39955077,11:5:55:77,47.82,100
39955077,11:5:55:77,47.82,100
39955079,11:5:55:79,47.82,100
39955080,11:5:55:80,47.82,100
39955082,11:5:55:82,47.815,100
39955161,11:5:55:161,47.81,100
39958026,11:5:58:26,47.82,100
39958274,11:5:58:274,47.815,100
39959925,11:5:59:925,47.82,41
39961088,11:6:1:88,47.815,300
39962131,11:6:2:131,47.815,100
39964076,11:6:4:76,47.815,100
39964428,11:6:4:428,47.815,200
40000497,11:6:40:497,47.81,500
40000497,11:6:40:497,47.81,100
40000497,11:6:40:497,47.81,100
40000499,11:6:40:499,47.81,50
40000516,11:6:40:516,47.8101,100
40000538,11:6:40:538,47.81,5
40000538,11:6:40:538,47.81,100
40000548,11:6:40:548,47.8,300
40000548,11:6:40:548,47.8,100
40000548,11:6:40:548,47.8,100
40000548,11:6:40:548,47.8,100
40000548,11:6:40:548,47.8,100
40000548,11:6:40:548,47.8,100
40000548,11:6:40:548,47.8,100
40000548,11:6:40:548,47.8,100
40000548,11:6:40:548,47.8,100
40000548,11:6:40:548,47.8,100
40000548,11:6:40:548,47.8,100
40000548,11:6:40:548,47.8,100
40000548,11:6:40:548,47.8,100
40000548,11:6:40:548,47.8,100
40000548,11:6:40:548,47.8,100
40000548,11:6:40:548,47.8,100
40000548,11:6:40:548,47.8,100
40000548,11:6:40:548,47.8,100
40000663,11:6:40:663,47.79,100
40000919,11:6:40:919,47.8,400
40000920,11:6:40:920,47.8,100
40000920,11:6:40:920,47.8,100
40001131,11:6:41:131,47.8,100
40002823,11:6:42:823,47.8,100
40004646,11:6:44:646,47.81,100
40004802,11:6:44:802,47.81,100
40007347,11:6:47:347,47.81,100
40011895,11:6:51:895,47.805,100
40020034,11:7:0:34,47.81,100
40023147,11:7:3:147,47.8,100
40028634,11:7:8:634,47.7977,300
40028634,11:7:8:634,47.7977,100
40052154,11:7:32:154,47.81,100
40052154,11:7:32:154,47.81,100
40052154,11:7:32:154,47.81,1
40052154,11:7:32:154,47.81,113
40052154,11:7:32:154,47.81,187
40052164,11:7:32:164,47.81,100
40052164,11:7:32:164,47.81,100
40064206,11:7:44:206,47.82,100
40066821,11:7:46:821,47.815,100
40066864,11:7:46:864,47.815,100
40069352,11:7:49:352,47.82,100
40072672,11:7:52:672,47.815,100
40076093,11:7:56:93,47.82,40
40084091,11:8:4:91,47.815,100
40087152,11:8:7:152,47.82,42
40088614,11:8:8:614,47.81,400
40088614,11:8:8:614,47.8,100
40088614,11:8:8:614,47.81,100
40089744,11:8:9:744,47.804,100
40090398,11:8:10:398,47.8,100
40094016,11:8:14:16,47.79,100
40102144,11:8:22:144,47.7957,300
40121609,11:8:41:609,47.795,100
40126752,11:8:46:752,47.7901,11
40128922,11:8:48:922,47.8,63
40139176,11:8:59:176,47.8,2
40139176,11:8:59:176,47.8,98
40139193,11:8:59:193,47.7999,1476
40157930,11:9:17:930,47.795,100
40157990,11:9:17:990,47.8,100
40173968,11:9:33:968,47.79,100
40203903,11:10:3:903,47.8,100
40209818,11:10:9:818,47.8,120
40209819,11:10:9:819,47.8,280
40209819,11:10:9:819,47.8,100
40209819,11:10:9:819,47.8,2
40209819,11:10:9:819,47.8,10
40209822,11:10:9:822,47.8,100
40209823,11:10:9:823,47.81,100
40209824,11:10:9:824,47.8,100
40209824,11:10:9:824,47.8,200
40209824,11:10:9:824,47.8,300
40209825,11:10:9:825,47.81,100
40209825,11:10:9:825,47.8,100
40209825,11:10:9:825,47.81,40
40209825,11:10:9:825,47.8,100
40209825,11:10:9:825,47.805,100
40209825,11:10:9:825,47.8,246
40209825,11:10:9:825,47.8,254
40209825,11:10:9:825,47.81,46
40209826,11:10:9:826,47.81,154
40209826,11:10:9:826,47.81,100
40209826,11:10:9:826,47.81,60
40209828,11:10:9:828,47.805,100
40210005,11:10:10:5,47.82,10
40214412,11:10:14:412,47.82,13
40214423,11:10:14:423,47.82,27
40224801,11:10:24:801,47.82,15
40224801,11:10:24:801,47.81,100
40236977,11:10:36:977,47.815,29
40237011,11:10:37:11,47.8038,100
40237012,11:10:37:12,47.8038,100
40256904,11:10:56:904,47.82,40
40260122,11:11:0:122,47.82,100
40260122,11:11:0:122,47.82,200
40260124,11:11:0:124,47.82,100
40260125,11:11:0:125,47.82,100
40260125,11:11:0:125,47.82,10
40260125,11:11:0:125,47.82,300
40260125,11:11:0:125,47.82,3
40260125,11:11:0:125,47.82,59
40260125,11:11:0:125,47.82,14
40260126,11:11:0:126,47.82,80
40260126,11:11:0:126,47.82,20
40260127,11:11:0:127,47.82,100
40260127,11:11:0:127,47.82,100
40260128,11:11:0:128,47.82,100
40260128,11:11:0:128,47.82,200
40260128,11:11:0:128,47.82,200
40260129,11:11:0:129,47.82,100
40260131,11:11:0:131,47.82,100
40260131,11:11:0:131,47.82,100
40260131,11:11:0:131,47.82,200
40260131,11:11:0:131,47.82,100
40260131,11:11:0:131,47.82,100
40260131,11:11:0:131,47.82,10
40260131,11:11:0:131,47.82,100
40260131,11:11:0:131,47.82,90
40260131,11:11:0:131,47.82,10
40260132,11:11:0:132,47.82,100
40260132,11:11:0:132,47.82,100
40260138,11:11:0:138,47.82,100
40260138,11:11:0:138,47.82,100
40260140,11:11:0:140,47.82,100
40260140,11:11:0:140,47.815,100
40260141,11:11:0:141,47.82,100
40260141,11:11:0:141,47.82,100
40260141,11:11:0:141,47.82,100
40260142,11:11:0:142,47.815,100
40260142,11:11:0:142,47.82,100
40260142,11:11:0:142,47.815,100
40260143,11:11:0:143,47.82,100
40260144,11:11:0:144,47.82,100
40260144,11:11:0:144,47.815,100
40260144,11:11:0:144,47.82,100
40260144,11:11:0:144,47.82,100
40260145,11:11:0:145,47.815,100
40260421,11:11:0:421,47.82,100
40260421,11:11:0:421,47.83,100
40260743,11:11:0:743,47.82,100
40260743,11:11:0:743,47.82,5
40278725,11:11:18:725,47.815,100
40278731,11:11:18:731,47.815,100
40278735,11:11:18:735,47.81,100
40278735,11:11:18:735,47.81,100
40278735,11:11:18:735,47.81,400
40278735,11:11:18:735,47.81,19
40278735,11:11:18:735,47.81,79
40278735,11:11:18:735,47.81,100
40278735,11:11:18:735,47.81,100
40278736,11:11:18:736,47.815,100
40278741,11:11:18:741,47.805,100
40278741,11:11:18:741,47.81,100
40279282,11:11:19:282,47.82,100
40279305,11:11:19:305,47.81,100
40280765,11:11:20:765,47.8,100
40280780,11:11:20:780,47.8,100
40280780,11:11:20:780,47.8,100
40280781,11:11:20:781,47.8,100
40280808,11:11:20:808,47.8,171
40280812,11:11:20:812,47.8,100
40282045,11:11:22:45,47.8,100
40284937,11:11:24:937,47.805,2
40287291,11:11:27:291,47.81,100
40311704,11:11:51:704,47.8,100
40349538,11:12:29:538,47.795,4
40360294,11:12:40:294,47.795,100
40360296,11:12:40:296,47.795,100
40379952,11:12:59:952,47.79,6
40380025,11:13:0:25,47.79,100
40385018,11:13:5:18,47.79,100
40387981,11:13:7:981,47.79,100
40394021,11:13:14:21,47.79,100
40394021,11:13:14:21,47.79,100
40394021,11:13:14:21,47.79,100
40394021,11:13:14:21,47.79,100
40394021,11:13:14:21,47.79,100
40394022,11:13:14:22,47.79,100
40396082,11:13:16:82,47.79,100
40401932,11:13:21:932,47.7801,1
40401945,11:13:21:945,47.78,100
40401945,11:13:21:945,47.78,100
40401945,11:13:21:945,47.78,100
40401945,11:13:21:945,47.78,100
40401945,11:13:21:945,47.78,5
40401946,11:13:21:946,47.78,100
40405463,11:13:25:463,47.78,100
40405463,11:13:25:463,47.78,100
40417142,11:13:37:142,47.78,100
40433948,11:13:53:948,47.78,100
40433948,11:13:53:948,47.78,100
40433949,11:13:53:949,47.78,100
40433953,11:13:53:953,47.78,100
40433956,11:13:53:956,47.78,10
40435202,11:13:55:202,47.78,150
40435202,11:13:55:202,47.78,50
40435202,11:13:55:202,47.78,28
40435202,11:13:55:202,47.78,22
40435209,11:13:55:209,47.78,200
40441203,11:14:1:203,47.78,200
40441270,11:14:1:270,47.78,200
40441275,11:14:1:275,47.78,100
40441323,11:14:1:323,47.79,100
40472752,11:14:32:752,47.78,200
40472753,11:14:32:753,47.78,100
40472753,11:14:32:753,47.78,100
40472753,11:14:32:753,47.78,100
40476672,11:14:36:672,47.78,100
40490960,11:14:50:960,47.78,90
40493334,11:14:53:334,47.78,100
40493334,11:14:53:334,47.78,100
40493334,11:14:53:334,47.78,350
40493543,11:14:53:543,47.78,100
40494846,11:14:54:846,47.785,300
40497791,11:14:57:791,47.79,30
40521559,11:15:21:559,47.79,100
40521841,11:15:21:841,47.785,100
40559907,11:15:59:907,47.79,10
40580019,11:16:20:19,47.78,700
40580019,11:16:20:19,47.78,100
40580020,11:16:20:20,47.78,100
40580020,11:16:20:20,47.78,5
40580020,11:16:20:20,47.78,100
40580021,11:16:20:21,47.77,259
40580021,11:16:20:21,47.77,100
40580021,11:16:20:21,47.77,100
40580021,11:16:20:21,47.77,81
40580022,11:16:20:22,47.78,100
40580022,11:16:20:22,47.77,42
40580025,11:16:20:25,47.78,100
40580026,11:16:20:26,47.77,100
40580607,11:16:20:607,47.777,100
40580610,11:16:20:610,47.777,100
40582973,11:16:22:973,47.77,100
40591031,11:16:31:31,47.77,600
40610170,11:16:50:170,47.765,100
40610174,11:16:50:174,47.76,100
40620014,11:17:0:14,47.77,100
40621019,11:17:1:19,47.76,88
40631952,11:17:11:952,47.77,100
40647945,11:17:27:945,47.76,100
40647945,11:17:27:945,47.76,100
40647945,11:17:27:945,47.76,100
40647945,11:17:27:945,47.76,100
40647946,11:17:27:946,47.75,100
40647946,11:17:27:946,47.75,10
40647946,11:17:27:946,47.75,10
40647946,11:17:27:946,47.75,80
40647947,11:17:27:947,47.75,100
40647947,11:17:27:947,47.75,100
40647947,11:17:27:947,47.75,100
40647947,11:17:27:947,47.75,100
40647947,11:17:27:947,47.75,100
40648133,11:17:28:133,47.75,200
40648371,11:17:28:371,47.75,100
40648822,11:17:28:822,47.75,200
40656838,11:17:36:838,47.75,100
40656839,11:17:36:839,47.75,250
40656839,11:17:36:839,47.75,100
40656839,11:17:36:839,47.75,100
40656839,11:17:36:839,47.75,100
40656841,11:17:36:841,47.75,100
40656841,11:17:36:841,47.75,100
40656841,11:17:36:841,47.75,100
40667014,11:17:47:14,47.75,100
40667103,11:17:47:103,47.75,100
40682564,11:18:2:564,47.74,5
40682564,11:18:2:564,47.74,95
40682564,11:18:2:564,47.74,5
40682566,11:18:2:566,47.74,391
40685290,11:18:5:290,47.74,50
40685290,11:18:5:290,47.74,100
40685291,11:18:5:291,47.74,100
40685297,11:18:5:297,47.74,65
40685298,11:18:5:298,47.74,100
40685298,11:18:5:298,47.74,100
40685298,11:18:5:298,47.74,100
40685298,11:18:5:298,47.74,35
40686518,11:18:6:518,47.75,100
40689240,11:18:9:240,47.74,100
40718130,11:18:38:130,47.7399,3
40739947,11:18:59:947,47.74,10
40788720,11:19:48:720,47.74,100
40788722,11:19:48:722,47.74,40
40788986,11:19:48:986,47.73,100
40791501,11:19:51:501,47.73,1
40794810,11:19:54:810,47.73,100
40799697,11:19:59:697,47.74,19
40812140,11:20:12:140,47.74,100
40823304,11:20:23:304,47.735,1100
40823307,11:20:23:307,47.735,700
40827826,11:20:27:826,47.74,100
40832983,11:20:32:983,47.73,100
40834626,11:20:34:626,47.735,30
40837007,11:20:37:7,47.7805,400
40837008,11:20:37:8,47.7805,100
40838616,11:20:38:616,47.74,100
40853998,11:20:53:998,47.74,100
40857727,11:20:57:727,47.74,100
40861619,11:21:1:619,47.7335,700
40862822,11:21:2:822,47.74,100
40897050,11:21:37:50,47.7359,100
40918916,11:21:58:916,47.74,30
40922305,11:22:2:305,47.74,100
40924969,11:22:4:969,47.73,89
40924969,11:22:4:969,47.73,100
40942545,11:22:22:545,47.74,100
40942545,11:22:22:545,47.74,100
40944117,11:22:24:117,47.74,100
40944226,11:22:24:226,47.74,100
40956304,11:22:36:304,47.73,100
40956304,11:22:36:304,47.73,200
40956304,11:22:36:304,47.73,200
40956305,11:22:36:305,47.73,100
40956305,11:22:36:305,47.73,100
40956305,11:22:36:305,47.73,100
40956305,11:22:36:305,47.73,100
40956305,11:22:36:305,47.73,5
40956305,11:22:36:305,47.73,3
40956305,11:22:36:305,47.73,100
40956307,11:22:36:307,47.735,400
40956821,11:22:36:821,47.73,100
40957285,11:22:37:285,47.73,100
40957441,11:22:37:441,47.73,100
40957608,11:22:37:608,47.73,100
40958874,11:22:38:874,47.73,250
40958875,11:22:38:875,47.73,100
40966382,11:22:46:382,47.735,100
40994003,11:23:14:3,47.73,100
40994003,11:23:14:3,47.73,5
40994003,11:23:14:3,47.73,8
40994003,11:23:14:3,47.725,1
40998268,11:23:18:268,47.725,100
41035886,11:23:55:886,47.72,87
41035887,11:23:55:887,47.72,100
41035887,11:23:55:887,47.72,13
41035888,11:23:55:888,47.72,100
41035888,11:23:55:888,47.72,100
41035907,11:23:55:907,47.72,1
41036311,11:23:56:311,47.73,100
41060864,11:24:20:864,47.73,1
41060864,11:24:20:864,47.73,3
41060864,11:24:20:864,47.73,250
41060864,11:24:20:864,47.73,100
41060864,11:24:20:864,47.73,100
41104701,11:25:4:701,47.74,100
41126019,11:25:26:19,47.735,1700
41126032,11:25:26:32,47.73,100
41126032,11:25:26:32,47.73,100
41126034,11:25:26:34,47.735,245
41126037,11:25:26:37,47.73,200
41126118,11:25:26:118,47.73,100
41126153,11:25:26:153,47.73,100
41126308,11:25:26:308,47.73,100
41131505,11:25:31:505,47.74,100
41131506,11:25:31:506,47.74,100
41146270,11:25:46:270,47.735,100
41148306,11:25:48:306,47.73,100
41148324,11:25:48:324,47.73,100
41156510,11:25:56:510,47.725,100
41157082,11:25:57:82,47.72,300
41157082,11:25:57:82,47.72,200
41157082,11:25:57:82,47.72,100
41158170,11:25:58:170,47.73,100
41158177,11:25:58:177,47.73,100
41158441,11:25:58:441,47.73,100
41160833,11:26:0:833,47.72,200
41163616,11:26:3:616,47.73,100
41163616,11:26:3:616,47.73,300
41163616,11:26:3:616,47.73,100
41163616,11:26:3:616,47.73,100
41163616,11:26:3:616,47.73,26
41165008,11:26:5:8,47.73,300
41165008,11:26:5:8,47.73,57
41165787,11:26:5:787,47.73,100
41166094,11:26:6:94,47.73,100
41166120,11:26:6:120,47.73,100
41168289,11:26:8:289,47.73,300
41168416,11:26:8:416,47.74,100
41168416,11:26:8:416,47.74,100
41168416,11:26:8:416,47.73,1
41168416,11:26:8:416,47.74,246
41168416,11:26:8:416,47.74,203
41168416,11:26:8:416,47.74,99
41168416,11:26:8:416,47.74,6
41168416,11:26:8:416,47.74,100
41168416,11:26:8:416,47.74,13
41168416,11:26:8:416,47.74,100
41168416,11:26:8:416,47.74,100
41168417,11:26:8:417,47.74,148
41168417,11:26:8:417,47.74,100
41168417,11:26:8:417,47.74,1
41171936,11:26:11:936,47.75,100
41171973,11:26:11:973,47.74,94
41174331,11:26:14:331,47.7321,100
41174332,11:26:14:332,47.7321,300
41174332,11:26:14:332,47.7321,100
41179998,11:26:19:998,47.74,100
41182571,11:26:22:571,47.73,100
41182573,11:26:22:573,47.73,100
41182575,11:26:22:575,47.73,100
41182755,11:26:22:755,47.73,100
41182788,11:26:22:788,47.73,694
41188084,11:26:28:84,47.74,100
41188758,11:26:28:758,47.735,100
41191147,11:26:31:147,47.74,100
41192968,11:26:32:968,47.74,100
41192969,11:26:32:969,47.74,100
41192969,11:26:32:969,47.74,100
41192969,11:26:32:969,47.74,10
41192969,11:26:32:969,47.74,100
41192969,11:26:32:969,47.74,100
41192969,11:26:32:969,47.74,90
41192969,11:26:32:969,47.74,200
41192970,11:26:32:970,47.74,10
41192971,11:26:32:971,47.74,200
41192973,11:26:32:973,47.74,300
41192975,11:26:32:975,47.74,400
41192976,11:26:32:976,47.74,300
41192977,11:26:32:977,47.74,200
41192979,11:26:32:979,47.74,300
41192980,11:26:32:980,47.74,200
41192980,11:26:32:980,47.74,10
41192981,11:26:32:981,47.74,300
41193420,11:26:33:420,47.74,100
41194506,11:26:34:506,47.74,100
41194957,11:26:34:957,47.739,90
41213608,11:26:53:608,47.73,100
41213608,11:26:53:608,47.73,200
41213608,11:26:53:608,47.73,200
41213608,11:26:53:608,47.73,200
41213652,11:26:53:652,47.73,100
41216174,11:26:56:174,47.735,300
41216298,11:26:56:298,47.737,100
41217163,11:26:57:163,47.73,100
41217164,11:26:57:164,47.73,200
41217165,11:26:57:165,47.73,100
41217165,11:26:57:165,47.73,100
41217180,11:26:57:180,47.73,70
41217795,11:26:57:795,47.73,5
41227561,11:27:7:561,47.74,100
41243210,11:27:23:210,47.74,100
41243210,11:27:23:210,47.74,300
41243211,11:27:23:211,47.74,100
41243211,11:27:23:211,47.74,100
41243211,11:27:23:211,47.74,100
41243211,11:27:23:211,47.75,100
41243211,11:27:23:211,47.75,100
41243321,11:27:23:321,47.74,100
41246089,11:27:26:89,47.74,870
41247387,11:27:27:387,47.74,95
41248465,11:27:28:465,47.73,100
41248466,11:27:28:466,47.73,100
41268111,11:27:48:111,47.75,100
41269918,11:27:49:918,47.7499,15
41279970,11:27:59:970,47.75,800
41279970,11:27:59:970,47.75,100
41279970,11:27:59:970,47.75,100
41279970,11:27:59:970,47.75,200
41279984,11:27:59:984,47.75,2
41281027,11:28:1:27,47.74,100
41293354,11:28:13:354,47.747,60
41302074,11:28:22:74,47.76,100
41329957,11:28:49:957,47.75,100
41330202,11:28:50:202,47.75,74
41330202,11:28:50:202,47.75,4
41330202,11:28:50:202,47.75,48
41330203,11:28:50:203,47.75,1
41367050,11:29:27:50,47.75,20
41396747,11:29:56:747,47.75,3
41396748,11:29:56:748,47.75,114
41396748,11:29:56:748,47.75,100
41396748,11:29:56:748,47.75,1
41396748,11:29:56:748,47.75,100
41396748,11:29:56:748,47.75,33
41396748,11:29:56:748,47.75,100
41396748,11:29:56:748,47.75,200
41396866,11:29:56:866,47.75,100
41406922,11:30:6:922,47.76,100
41412403,11:30:12:403,47.75,1
41412403,11:30:12:403,47.75,99
41413014,11:30:13:14,47.75,100
41417955,11:30:17:955,47.75,50
41432206,11:30:32:206,47.75,100
41450713,11:30:50:713,47.74,20
41450713,11:30:50:713,47.74,5
41450713,11:30:50:713,47.74,15
41450801,11:30:50:801,47.74,100
41450801,11:30:50:801,47.74,100
41450937,11:30:50:937,47.74,100
41476010,11:31:16:10,47.73,100
41486970,11:31:26:970,47.73,50
41487137,11:31:27:137,47.74,100
41487190,11:31:27:190,47.74,100
41489689,11:31:29:689,47.735,100
41491119,11:31:31:119,47.735,100
41491134,11:31:31:134,47.74,100
41501938,11:31:41:938,47.73,100
41501951,11:31:41:951,47.735,500
41501955,11:31:41:955,47.735,1000
41501983,11:31:41:983,47.735,100
41502099,11:31:42:99,47.7325,100
41513227,11:31:53:227,47.735,100
41518073,11:31:58:73,47.735,300
41518876,11:31:58:876,47.74,100
41518877,11:31:58:877,47.74,600
41518882,11:31:58:882,47.74,100
41518887,11:31:58:887,47.735,200
41518897,11:31:58:897,47.735,200
41518902,11:31:58:902,47.74,600
41518906,11:31:58:906,47.735,200
41518912,11:31:58:912,47.735,200
41518939,11:31:58:939,47.74,200
41518942,11:31:58:942,47.74,100
41518943,11:31:58:943,47.74,30
41518943,11:31:58:943,47.74,100
41518943,11:31:58:943,47.74,100
41518943,11:31:58:943,47.74,100
41518943,11:31:58:943,47.74,100
41519360,11:31:59:360,47.75,100
41529824,11:32:9:824,47.74,100
41536141,11:32:16:141,47.74,5
41536141,11:32:16:141,47.74,95
41536141,11:32:16:141,47.74,100
41536141,11:32:16:141,47.74,100
41536141,11:32:16:141,47.74,400
41536142,11:32:16:142,47.74,100
41536142,11:32:16:142,47.74,5
41536142,11:32:16:142,47.74,200
41536142,11:32:16:142,47.74,100
41536142,11:32:16:142,47.745,100
41536142,11:32:16:142,47.74,100
41536142,11:32:16:142,47.745,200
41536143,11:32:16:143,47.74,200
41536143,11:32:16:143,47.74,100
41536143,11:32:16:143,47.74,100
41536143,11:32:16:143,47.745,200
41536143,11:32:16:143,47.745,100
41536143,11:32:16:143,47.74,100
41536143,11:32:16:143,47.74,100
41536143,11:32:16:143,47.74,200
41536144,11:32:16:144,47.74,100
41536144,11:32:16:144,47.745,500
41536144,11:32:16:144,47.745,500
41536144,11:32:16:144,47.74,100
41536145,11:32:16:145,47.74,202
41536147,11:32:16:147,47.74,500
41536148,11:32:16:148,47.74,100
41536148,11:32:16:148,47.74,300
41536148,11:32:16:148,47.74,100
41536148,11:32:16:148,47.74,100
41536149,11:32:16:149,47.74,100
41536153,11:32:16:153,47.74,100
41536176,11:32:16:176,47.75,100
41536261,11:32:16:261,47.745,100
41536512,11:32:16:512,47.74,100
41552806,11:32:32:806,47.75,187
41552806,11:32:32:806,47.75,693
41552806,11:32:32:806,47.75,241
41552806,11:32:32:806,47.75,100
41552808,11:32:32:808,47.76,205
41555635,11:32:35:635,47.76,300
41565091,11:32:45:91,47.77,100
41574220,11:32:54:220,47.77,100
41576775,11:32:56:775,47.77,20
41576785,11:32:56:785,47.77,100
41578658,11:32:58:658,47.7411,200
41578659,11:32:58:659,47.7411,100
41578661,11:32:58:661,47.7411,100
41582855,11:33:2:855,47.78,600
41582855,11:33:2:855,47.78,259
41582855,11:33:2:855,47.78,44
41582855,11:33:2:855,47.78,2
41582855,11:33:2:855,47.78,200
41582855,11:33:2:855,47.78,72
41582974,11:33:2:974,47.78,100
41585868,11:33:5:868,47.79,100
41585869,11:33:5:869,47.79,100
41586033,11:33:6:33,47.79,100
41602330,11:33:22:330,47.8,1100
41602445,11:33:22:445,47.79,100
41602810,11:33:22:810,47.8,400
41603029,11:33:23:29,47.79,100
41603030,11:33:23:30,47.79,100
41603030,11:33:23:30,47.79,100
41603030,11:33:23:30,47.79,100
41603032,11:33:23:32,47.79,100
41603036,11:33:23:36,47.79,100
41603069,11:33:23:69,47.79,100
41603145,11:33:23:145,47.79,100
41605341,11:33:25:341,47.79,500
41630891,11:33:50:891,47.79,100
41632761,11:33:52:761,47.79,100
41632769,11:33:52:769,47.79,100
41632814,11:33:52:814,47.79,100
41632814,11:33:52:814,47.79,100
41635260,11:33:55:260,47.79,100
41636448,11:33:56:448,47.79,100
41636448,11:33:56:448,47.79,100
41636448,11:33:56:448,47.79,100
41674775,11:34:34:775,47.79,100
41674775,11:34:34:775,47.79,100
41674775,11:34:34:775,47.79,63
41674775,11:34:34:775,47.79,500
41674775,11:34:34:775,47.79,100
41674775,11:34:34:775,47.79,200
41693789,11:34:53:789,47.785,100
41693952,11:34:53:952,47.785,100
41720934,11:35:20:934,47.79,100
41727040,11:35:27:40,47.79,100
41742785,11:35:42:785,47.79,100
41781954,11:36:21:954,47.79,100
41798482,11:36:38:482,47.8,600
41818811,11:36:58:811,47.8,100
41818824,11:36:58:824,47.795,100
41826203,11:37:6:203,47.79,5
41881811,11:38:1:811,47.8,20
41881811,11:38:1:811,47.8,100
41881811,11:38:1:811,47.8,200
41881811,11:38:1:811,47.8,100
41881811,11:38:1:811,47.8,100
41881812,11:38:1:812,47.8,100
41881814,11:38:1:814,47.8,912
41881820,11:38:1:820,47.8,100
41881830,11:38:1:830,47.8,300
41881859,11:38:1:859,47.8,100
41907966,11:38:27:966,47.795,100
41907967,11:38:27:967,47.795,100
41923556,11:38:43:556,47.795,200
41928011,11:38:48:11,47.8,100
41928284,11:38:48:284,47.8,100
41928843,11:38:48:843,47.8,100
41948202,11:39:8:202,47.8,100
41948202,11:39:8:202,47.8,100
41948204,11:39:8:204,47.8,100
41948207,11:39:8:207,47.8,100
41948240,11:39:8:240,47.8,100
41954662,11:39:14:662,47.8,100
41958918,11:39:18:918,47.81,100
41959683,11:39:19:683,47.81,1
41959683,11:39:19:683,47.81,99
41969401,11:39:29:401,47.81,100
41986968,11:39:46:968,47.805,100
41992324,11:39:52:324,47.81,100
41992325,11:39:52:325,47.805,100
42006212,11:40:6:212,47.806,50
42013647,11:40:13:647,47.81,100
42014576,11:40:14:576,47.805,23
42017008,11:40:17:8,47.81,100
42030693,11:40:30:693,47.805,100
42050286,11:40:50:286,47.81,31
42050286,11:40:50:286,47.81,69
42050287,11:40:50:287,47.805,100
42056134,11:40:56:134,47.81,100
42056134,11:40:56:134,47.81,200
42056135,11:40:56:135,47.805,100
42072103,11:41:12:103,47.81,100
42072103,11:41:12:103,47.81,300
42072104,11:41:12:104,47.81,31
42072136,11:41:12:136,47.81,100
42072205,11:41:12:205,47.81,200
42073015,11:41:13:15,47.81,100
42073016,11:41:13:16,47.8,12
42073540,11:41:13:540,47.8,100
42073540,11:41:13:540,47.8,363
42073540,11:41:13:540,47.8,100
42073540,11:41:13:540,47.8,100
42073540,11:41:13:540,47.8,100
42073540,11:41:13:540,47.8,100
42073540,11:41:13:540,47.8,100
42086263,11:41:26:263,47.81,100
42100139,11:41:40:139,47.81,100
42100140,11:41:40:140,47.81,100
42100140,11:41:40:140,47.81,300
42100140,11:41:40:140,47.81,100
42100140,11:41:40:140,47.81,100
42100140,11:41:40:140,47.81,100
42100140,11:41:40:140,47.81,100
42100140,11:41:40:140,47.81,100
42100141,11:41:40:141,47.8,200
42100142,11:41:40:142,47.8,200
42100145,11:41:40:145,47.805,100
42100145,11:41:40:145,47.81,100
42100148,11:41:40:148,47.81,100
42100898,11:41:40:898,47.81,100
42101852,11:41:41:852,47.81,100
42101852,11:41:41:852,47.81,700
42101854,11:41:41:854,47.81,800
42101854,11:41:41:854,47.8,800
42101857,11:41:41:857,47.81,100
42101865,11:41:41:865,47.81,800
42101865,11:41:41:865,47.81,100
42101867,11:41:41:867,47.81,800
42101868,11:41:41:868,47.8,800
42101868,11:41:41:868,47.81,300
42101945,11:41:41:945,47.805,800
42101956,11:41:41:956,47.805,800
42101960,11:41:41:960,47.81,100
42101962,11:41:41:962,47.79,100
42101963,11:41:41:963,47.79,100
42102306,11:41:42:306,47.81,100
42102306,11:41:42:306,47.81,100
42102306,11:41:42:306,47.81,100
42102306,11:41:42:306,47.81,100
42104098,11:41:44:98,47.805,100
42105305,11:41:45:305,47.81,200
42105306,11:41:45:306,47.81,100
42110306,11:41:50:306,47.81,100
42110306,11:41:50:306,47.81,100
42110331,11:41:50:331,47.81,100
42110627,11:41:50:627,47.81,500
42116306,11:41:56:306,47.81,100
42120012,11:42:0:12,47.805,100
42121305,11:42:1:305,47.81,100
42126305,11:42:6:305,47.81,100
42128305,11:42:8:305,47.81,100
42134562,11:42:14:562,47.805,1000
42150833,11:42:30:833,47.805,500
42154716,11:42:34:716,47.8,300
42154716,11:42:34:716,47.8,200
42155284,11:42:35:284,47.79,4
42157591,11:42:37:591,47.79,100
42157622,11:42:37:622,47.79,100
42157624,11:42:37:624,47.79,100
42157632,11:42:37:632,47.79,100
42158006,11:42:38:6,47.79,600
42159782,11:42:39:782,47.78,100
42159782,11:42:39:782,47.78,263
42159782,11:42:39:782,47.78,8
42159782,11:42:39:782,47.78,100
42159782,11:42:39:782,47.78,50
42159782,11:42:39:782,47.78,100
42159782,11:42:39:782,47.79,100
42159783,11:42:39:783,47.79,100
42159784,11:42:39:784,47.785,200
42159784,11:42:39:784,47.79,100
42159787,11:42:39:787,47.78,200
42161469,11:42:41:469,47.77,100
42161572,11:42:41:572,47.775,100
42162476,11:42:42:476,47.77,100
42163447,11:42:43:447,47.7783,250
42164040,11:42:44:40,47.77,100
42172488,11:42:52:488,47.77,27
42172488,11:42:52:488,47.77,100
42172488,11:42:52:488,47.77,100
42173732,11:42:53:732,47.77,100
42173734,11:42:53:734,47.77,77
42174547,11:42:54:547,47.78,100
42174595,11:42:54:595,47.775,100
42174624,11:42:54:624,47.78,100
42176135,11:42:56:135,47.77,100
42176282,11:42:56:282,47.78,100
42177127,11:42:57:127,47.78,100
42177127,11:42:57:127,47.78,100
42177127,11:42:57:127,47.78,100
42177128,11:42:57:128,47.78,100
42177128,11:42:57:128,47.78,100
42177138,11:42:57:138,47.785,100
42177143,11:42:57:143,47.785,200
42177147,11:42:57:147,47.785,200
42177149,11:42:57:149,47.785,100
42177172,11:42:57:172,47.79,200
42177175,11:42:57:175,47.79,200
42177253,11:42:57:253,47.785,100
42177323,11:42:57:323,47.785,100
42178603,11:42:58:603,47.7981,400
42178604,11:42:58:604,47.7981,100
42182184,11:43:2:184,47.79,200
42188777,11:43:8:777,47.8,73
42189284,11:43:9:284,47.8,200
42189305,11:43:9:305,47.8,100
42192308,11:43:12:308,47.8,100
42192308,11:43:12:308,47.8,100
42192311,11:43:12:311,47.8,100
42193306,11:43:13:306,47.81,32
42195783,11:43:15:783,47.81,100
42195783,11:43:15:783,47.81,100
42203252,11:43:23:252,47.81,100
42211693,11:43:31:693,47.8,200
42254139,11:44:14:139,47.81,1
42254139,11:44:14:139,47.81,68
42256161,11:44:16:161,47.82,50
42261909,11:44:21:909,47.82,100
42261928,11:44:21:928,47.82,100
42280059,11:44:40:59,47.81,9
42308083,11:45:8:83,47.82,29
42308083,11:45:8:83,47.82,21
42309377,11:45:9:377,47.82,20
42309377,11:45:9:377,47.82,100
42309377,11:45:9:377,47.82,100
42309377,11:45:9:377,47.82,100
42309377,11:45:9:377,47.82,108
42309378,11:45:9:378,47.815,100
42309378,11:45:9:378,47.82,100
42309380,11:45:9:380,47.815,100
42309383,11:45:9:383,47.82,100
42309383,11:45:9:383,47.82,100
42309466,11:45:9:466,47.8175,100
42313441,11:45:13:441,47.82,100
42320955,11:45:20:955,47.82,30
42321834,11:45:21:834,47.815,100
42350220,11:45:50:220,47.81,11
42350221,11:45:50:221,47.81,100
42350221,11:45:50:221,47.81,89
42359746,11:45:59:746,47.8,100
42379041,11:46:19:41,47.8,100
42381569,11:46:21:569,47.8,100
42387418,11:46:27:418,47.81,100
42387422,11:46:27:422,47.81,200
42525961,11:48:45:961,47.79,70
42525963,11:48:45:963,47.79,30
42525973,11:48:45:973,47.79,70
42525974,11:48:45:974,47.79,230
42526008,11:48:46:8,47.79,78
42527352,11:48:47:352,47.785,100
42546071,11:49:6:71,47.78,63
42546071,11:49:6:71,47.78,37
42546071,11:49:6:71,47.78,100
42546071,11:49:6:71,47.78,163
42546071,11:49:6:71,47.78,100
42546071,11:49:6:71,47.78,100
42546180,11:49:6:180,47.78,200
42557034,11:49:17:34,47.77,100
42576481,11:49:36:481,47.76,64
42576481,11:49:36:481,47.76,36
42579440,11:49:39:440,47.76,100
42579441,11:49:39:441,47.76,100
42579441,11:49:39:441,47.76,100
42599751,11:49:59:751,47.76,100
42616705,11:50:16:705,47.7699,12
42635145,11:50:35:145,47.77,100
42637363,11:50:37:363,47.765,100
42651760,11:50:51:760,47.77,234
42651760,11:50:51:760,47.77,166
42651760,11:50:51:760,47.77,100
42651760,11:50:51:760,47.77,100
42651764,11:50:51:764,47.77,100
42651768,11:50:51:768,47.77,173
42651784,11:50:51:784,47.78,100
42651992,11:50:51:992,47.78,98
42656633,11:50:56:633,47.77,100
42690045,11:51:30:45,47.775,1000
42694417,11:51:34:417,47.7911,100
42694418,11:51:34:418,47.7911,100
42694418,11:51:34:418,47.7911,500
42703256,11:51:43:256,47.78,700
42703256,11:51:43:256,47.78,100
42703256,11:51:43:256,47.78,100
42703256,11:51:43:256,47.78,100
42703256,11:51:43:256,47.78,76
42703256,11:51:43:256,47.78,100
42703266,11:51:43:266,47.78,100
42703323,11:51:43:323,47.79,12
42714579,11:51:54:579,47.79,100
42759614,11:52:39:614,47.79,100
42816947,11:53:36:947,47.79,11
42822191,11:53:42:191,47.7866,21
42822191,11:53:42:191,47.7866,479
42827999,11:53:47:999,47.7876,100
42828011,11:53:48:11,47.79,89
42828016,11:53:48:16,47.79,11
42837458,11:53:57:458,47.79,100
42837459,11:53:57:459,47.79,88
42837460,11:53:57:460,47.79,33
42838751,11:53:58:751,47.79,300
42838751,11:53:58:751,47.79,100
42839740,11:53:59:740,47.79,100
42881403,11:54:41:403,47.8,100
42881446,11:54:41:446,47.78,1
42887419,11:54:47:419,47.8,100
42887419,11:54:47:419,47.8,100
42914547,11:55:14:547,47.79,9
42917805,11:55:17:805,47.79,100
42919620,11:55:19:620,47.79,291
42919620,11:55:19:620,47.79,100
42921153,11:55:21:153,47.79,100
42922775,11:55:22:775,47.79,100
42973045,11:56:13:45,47.79,79
42973045,11:56:13:45,47.79,21
42973045,11:56:13:45,47.79,10
42988479,11:56:28:479,47.7928,2
42993021,11:56:33:21,47.7924,50
42999352,11:56:39:352,47.79,100
42999370,11:56:39:370,47.79,100
42999372,11:56:39:372,47.79,66
43033928,11:57:13:928,47.79,359
43033929,11:57:13:929,47.79,41
43033929,11:57:13:929,47.79,100
43033929,11:57:13:929,47.79,100
43033929,11:57:13:929,47.79,100
43033930,11:57:13:930,47.79,100
43033930,11:57:13:930,47.79,100
43040814,11:57:20:814,47.79,100
43049400,11:57:29:400,47.79,100
43061981,11:57:41:981,47.795,100
43096689,11:58:16:689,47.797,100
43114088,11:58:34:88,47.79,4
43145863,11:59:5:863,47.7901,21
43147954,11:59:7:954,47.795,2
43160885,11:59:20:885,47.79,100
43160887,11:59:20:887,47.79,100
43160887,11:59:20:887,47.79,100
43160887,11:59:20:887,47.79,694
43160887,11:59:20:887,47.79,100
43160887,11:59:20:887,47.79,100
43160887,11:59:20:887,47.79,75
43160887,11:59:20:887,47.79,200
43160887,11:59:20:887,47.79,63
43160887,11:59:20:887,47.79,100
43160887,11:59:20:887,47.79,2
43160887,11:59:20:887,47.79,8
43160887,11:59:20:887,47.79,100
43160888,11:59:20:888,47.79,100
43160888,11:59:20:888,47.79,10
43160888,11:59:20:888,47.79,100
43160888,11:59:20:888,47.79,100
43160888,11:59:20:888,47.79,100
43160889,11:59:20:889,47.79,100
43160889,11:59:20:889,47.79,1000
43160889,11:59:20:889,47.79,7
43162448,11:59:22:448,47.7801,14
43178428,11:59:38:428,47.79,100
43186423,11:59:46:423,47.79,69
43186423,11:59:46:423,47.79,100
43186423,11:59:46:423,47.79,100
43186423,11:59:46:423,47.79,100
43186423,11:59:46:423,47.79,29
43186423,11:59:46:423,47.79,100
43186423,11:59:46:423,47.79,100
43186434,11:59:46:434,47.79,400
43186434,11:59:46:434,47.79,100
43186434,11:59:46:434,47.79,100
43186434,11:59:46:434,47.79,100
43186434,11:59:46:434,47.79,100
43186434,11:59:46:434,47.79,100
43186435,11:59:46:435,47.79,100
43186435,11:59:46:435,47.79,100
43186435,11:59:46:435,47.79,100
43186435,11:59:46:435,47.79,100
43186435,11:59:46:435,47.79,100
43186560,11:59:46:560,47.79,100
43186572,11:59:46:572,47.79,100
43191900,11:59:51:900,47.79,100
43203324,12:0:3:324,47.79,50
43219544,12:0:19:544,47.7846,250
43229314,12:0:29:314,47.785,100
43270332,12:1:10:332,47.7836,71
43290904,12:1:30:904,47.78,100
43290904,12:1:30:904,47.78,231
43290904,12:1:30:904,47.78,1
43290904,12:1:30:904,47.78,168
43290904,12:1:30:904,47.78,100
43290904,12:1:30:904,47.78,94
43290904,12:1:30:904,47.78,6
43290905,12:1:30:905,47.77,100
43290905,12:1:30:905,47.77,100
43290905,12:1:30:905,47.77,100
43290905,12:1:30:905,47.77,100
43290906,12:1:30:906,47.77,63
43290906,12:1:30:906,47.77,100
43290906,12:1:30:906,47.77,100
43290906,12:1:30:906,47.77,200
43290906,12:1:30:906,47.77,300
43290907,12:1:30:907,47.77,6
43293540,12:1:33:540,47.765,100
43293725,12:1:33:725,47.765,100
43293727,12:1:33:727,47.76,200
43293727,12:1:33:727,47.76,1
43293727,12:1:33:727,47.76,1
43293727,12:1:33:727,47.76,1
43293728,12:1:33:728,47.76,97
43293728,12:1:33:728,47.76,100
43293728,12:1:33:728,47.76,100
43293729,12:1:33:729,47.76,3
43295008,12:1:35:8,47.75,100
43295009,12:1:35:9,47.75,100
43295059,12:1:35:59,47.75,100
43295066,12:1:35:66,47.75,100
43295066,12:1:35:66,47.75,100
43295066,12:1:35:66,47.75,100
43295066,12:1:35:66,47.745,100
43295066,12:1:35:66,47.75,100
43297911,12:1:37:911,47.76,100
43313755,12:1:53:755,47.76,2
43313761,12:1:53:761,47.76,215
43313761,12:1:53:761,47.76,100
43313761,12:1:53:761,47.76,200
43313761,12:1:53:761,47.76,100
43313761,12:1:53:761,47.76,100
43313761,12:1:53:761,47.76,100
43313762,12:1:53:762,47.76,100
43313762,12:1:53:762,47.76,1
43313764,12:1:53:764,47.76,100
43313765,12:1:53:765,47.76,100
43313776,12:1:53:776,47.76,100
43313793,12:1:53:793,47.76,100
43313793,12:1:53:793,47.76,100
43313799,12:1:53:799,47.76,100
43313855,12:1:53:855,47.76,100
43313971,12:1:53:971,47.76,100
43315385,12:1:55:385,47.76,100
43315873,12:1:55:873,47.76,100
43323233,12:2:3:233,47.76,483
43323254,12:2:3:254,47.76,500
43323255,12:2:3:255,47.76,500
43323255,12:2:3:255,47.76,500
43323256,12:2:3:256,47.76,400
43323256,12:2:3:256,47.76,500
43323259,12:2:3:259,47.76,200
43323260,12:2:3:260,47.76,500
43323261,12:2:3:261,47.76,500
43323264,12:2:3:264,47.76,300
43323267,12:2:3:267,47.76,200
43323267,12:2:3:267,47.75,100
43323270,12:2:3:270,47.74,300
43323270,12:2:3:270,47.74,100
43323270,12:2:3:270,47.74,100
43323270,12:2:3:270,47.74,63
43323270,12:2:3:270,47.74,100
43323270,12:2:3:270,47.74,100
43323271,12:2:3:271,47.74,100
43323271,12:2:3:271,47.74,100
43323271,12:2:3:271,47.74,100
43323271,12:2:3:271,47.74,100
43323272,12:2:3:272,47.74,204
43323273,12:2:3:273,47.74,100
43323273,12:2:3:273,47.74,100
43323273,12:2:3:273,47.74,100
43323273,12:2:3:273,47.74,100
43323273,12:2:3:273,47.74,10
43323273,12:2:3:273,47.74,100
43323273,12:2:3:273,47.74,100
43323273,12:2:3:273,47.74,100
43323273,12:2:3:273,47.74,100
43323273,12:2:3:273,47.74,100
43323275,12:2:3:275,47.75,100
43323281,12:2:3:281,47.73,700
43323281,12:2:3:281,47.73,100
43323281,12:2:3:281,47.73,100
43323281,12:2:3:281,47.73,100
43323281,12:2:3:281,47.73,100
43323281,12:2:3:281,47.73,100
43323281,12:2:3:281,47.73,100
43323282,12:2:3:282,47.73,100
43323282,12:2:3:282,47.73,100
43323282,12:2:3:282,47.73,100
43323284,12:2:3:284,47.735,196
43323285,12:2:3:285,47.735,104
43323286,12:2:3:286,47.735,96
43323288,12:2:3:288,47.72,400
43323288,12:2:3:288,47.72,100
43323288,12:2:3:288,47.72,100
43323288,12:2:3:288,47.72,100
43323288,12:2:3:288,47.72,96
43323288,12:2:3:288,47.73,300
43323289,12:2:3:289,47.72,200
43323289,12:2:3:289,47.72,100
43323289,12:2:3:289,47.73,100
43323290,12:2:3:290,47.73,10
43323290,12:2:3:290,47.73,100
43323291,12:2:3:291,47.73,100
43323291,12:2:3:291,47.73,100
43323299,12:2:3:299,47.73,100
43323299,12:2:3:299,47.73,200
43323299,12:2:3:299,47.73,63
43323299,12:2:3:299,47.73,100
43323299,12:2:3:299,47.73,100
43323299,12:2:3:299,47.73,100
43323299,12:2:3:299,47.73,100
43323299,12:2:3:299,47.73,100
43323300,12:2:3:300,47.73,100
43323300,12:2:3:300,47.73,100
43323300,12:2:3:300,47.74,200
43323301,12:2:3:301,47.73,100
43323301,12:2:3:301,47.74,100
43323301,12:2:3:301,47.73,100
43323301,12:2:3:301,47.73,100
43323303,12:2:3:303,47.73,100
43323304,12:2:3:304,47.73,100
43323304,12:2:3:304,47.73,100
43323304,12:2:3:304,47.73,100
43323304,12:2:3:304,47.74,200
43323345,12:2:3:345,47.755,100
43323371,12:2:3:371,47.76,400
43323459,12:2:3:459,47.73,4357
43323623,12:2:3:623,47.76,400
43323624,12:2:3:624,47.73,100
43324178,12:2:4:178,47.75,100
43325054,12:2:5:54,47.757,400
43325666,12:2:5:666,47.74,300
43350032,12:2:30:32,47.75,100
43350036,12:2:30:36,47.75,200
43350036,12:2:30:36,47.75,300
43350038,12:2:30:38,47.75,200
43350038,12:2:30:38,47.75,100
43350043,12:2:30:43,47.75,200
43350043,12:2:30:43,47.75,100
43350056,12:2:30:56,47.76,100
43350056,12:2:30:56,47.76,100
43350143,12:2:30:143,47.75,100
43350288,12:2:30:288,47.75,100
43351184,12:2:31:184,47.76,100
43360460,12:2:40:460,47.755,100
43360465,12:2:40:465,47.755,100
43399957,12:3:19:957,47.755,100
43411817,12:3:31:817,47.76,200
43411818,12:3:31:818,47.76,100
43411818,12:3:31:818,47.76,62
43411818,12:3:31:818,47.76,100
43411818,12:3:31:818,47.76,3
43411818,12:3:31:818,47.76,40
43411818,12:3:31:818,47.76,40
43411818,12:3:31:818,47.755,23
43411818,12:3:31:818,47.76,58
43411819,12:3:31:819,47.76,60
43411819,12:3:31:819,47.76,60
43411819,12:3:31:819,47.76,97
43411819,12:3:31:819,47.76,42
43412288,12:3:32:288,47.76,100
43412446,12:3:32:446,47.76,100
43428046,12:3:48:46,47.755,100
43428760,12:3:48:760,47.76,100
43450641,12:4:10:641,47.7572,100
43481037,12:4:41:37,47.75,14
43481037,12:4:41:37,47.75,100
43485347,12:4:45:347,47.75,200
43485347,12:4:45:347,47.75,100
43485347,12:4:45:347,47.75,100
43485348,12:4:45:348,47.75,100
43485349,12:4:45:349,47.75,100
43485349,12:4:45:349,47.75,200
43485349,12:4:45:349,47.75,100
43485349,12:4:45:349,47.75,100
43485350,12:4:45:350,47.75,100
43485380,12:4:45:380,47.74,200
43485381,12:4:45:381,47.74,100
43485381,12:4:45:381,47.74,41
43485381,12:4:45:381,47.74,93
43485382,12:4:45:382,47.74,34
43485382,12:4:45:382,47.74,100
43485382,12:4:45:382,47.74,59
43485382,12:4:45:382,47.74,66
43485382,12:4:45:382,47.74,7
43485827,12:4:45:827,47.74,100
43485829,12:4:45:829,47.74,100
43485840,12:4:45:840,47.74,100
43486304,12:4:46:304,47.74,100
43486304,12:4:46:304,47.74,100
43486434,12:4:46:434,47.74,100
43486864,12:4:46:864,47.74,100
43486867,12:4:46:867,47.74,100
43486978,12:4:46:978,47.74,200
43486984,12:4:46:984,47.74,200
43499685,12:4:59:685,47.73,7
43499686,12:4:59:686,47.73,26
43501088,12:5:1:88,47.74,200
43501458,12:5:1:458,47.74,100
43502707,12:5:2:707,47.735,200
43502709,12:5:2:709,47.73,29
43502709,12:5:2:709,47.73,200
43502709,12:5:2:709,47.73,100
43502709,12:5:2:709,47.73,1
43502709,12:5:2:709,47.73,71
43502709,12:5:2:709,47.73,1
43502709,12:5:2:709,47.73,200
43502709,12:5:2:709,47.73,100
43502727,12:5:2:727,47.72,100
43502727,12:5:2:727,47.72,300
43502727,12:5:2:727,47.72,100
43502729,12:5:2:729,47.72,100
43502729,12:5:2:729,47.72,100
43502771,12:5:2:771,47.72,100
43502800,12:5:2:800,47.72,100
43502849,12:5:2:849,47.72,100
43502898,12:5:2:898,47.72,200
43505652,12:5:5:652,47.71,100
43505775,12:5:5:775,47.71,200
43505818,12:5:5:818,47.72,100
43510720,12:5:10:720,47.7,100
43511030,12:5:11:30,47.7,100
43511298,12:5:11:298,47.69,100
43511298,12:5:11:298,47.69,100
43513752,12:5:13:752,47.69,200
43513752,12:5:13:752,47.69,200
43513753,12:5:13:753,47.69,200
43513754,12:5:13:754,47.69,200
43513765,12:5:13:765,47.69,200
43513928,12:5:13:928,47.69,100
43514119,12:5:14:119,47.69,100
43514662,12:5:14:662,47.69,100
43514671,12:5:14:671,47.69,100
43515453,12:5:15:453,47.68,4
43515454,12:5:15:454,47.68,200
43515454,12:5:15:454,47.68,20
43515878,12:5:15:878,47.68,100
43515878,12:5:15:878,47.68,76
43521814,12:5:21:814,47.66,300
43521814,12:5:21:814,47.66,24
43521815,12:5:21:815,47.67,22
43521815,12:5:21:815,47.66,100
43521815,12:5:21:815,47.66,78
43521864,12:5:21:864,47.66,100
43521864,12:5:21:864,47.66,76
43521864,12:5:21:864,47.66,100
43521864,12:5:21:864,47.66,22
43521864,12:5:21:864,47.66,100
43521873,12:5:21:873,47.66,100
43523783,12:5:23:783,47.66,5
43526349,12:5:26:349,47.62,100
43529058,12:5:29:58,47.65,100
43529058,12:5:29:58,47.65,100
43529059,12:5:29:59,47.66,100
43529059,12:5:29:59,47.66,100
43529059,12:5:29:59,47.66,8
43529067,12:5:29:67,47.65,200
43529109,12:5:29:109,47.66,14
43529166,12:5:29:166,47.65,100
43530736,12:5:30:736,47.68,100
43530736,12:5:30:736,47.68,300
43530736,12:5:30:736,47.68,100
43530737,12:5:30:737,47.69,100
43530738,12:5:30:738,47.68,100
43530738,12:5:30:738,47.68,100
43536142,12:5:36:142,47.68,100
43536142,12:5:36:142,47.68,300
43536143,12:5:36:143,47.68,100
43570607,12:6:10:607,47.7066,100
43584437,12:6:24:437,47.665,100
43636856,12:7:16:856,47.65,3
43654159,12:7:34:159,47.68,100
43654159,12:7:34:159,47.68,100
43654159,12:7:34:159,47.68,306
43654165,12:7:34:165,47.68,13
43654165,12:7:34:165,47.68,94
43654166,12:7:34:166,47.68,100
43669370,12:7:49:370,47.6601,150
43673928,12:7:53:928,47.68,100
43690245,12:8:10:245,47.68,1
43690245,12:8:10:245,47.68,1
43690258,12:8:10:258,47.68,50
43704787,12:8:24:787,47.69,100
43706613,12:8:26:613,47.68,100
43706911,12:8:26:911,47.68,100
43708048,12:8:28:48,47.68,200
43708049,12:8:28:49,47.68,100
43708049,12:8:28:49,47.68,20
43708049,12:8:28:49,47.68,80
43708049,12:8:28:49,47.68,100
43708049,12:8:28:49,47.68,100
43708050,12:8:28:50,47.67,100
43708050,12:8:28:50,47.67,100
43708050,12:8:28:50,47.68,100
43708050,12:8:28:50,47.68,100
43708050,12:8:28:50,47.68,50
43708050,12:8:28:50,47.68,10
43708051,12:8:28:51,47.67,100
43708051,12:8:28:51,47.67,200
43708051,12:8:28:51,47.67,100
43708051,12:8:28:51,47.67,100
43708051,12:8:28:51,47.67,100
43708051,12:8:28:51,47.67,100
43708051,12:8:28:51,47.67,100
43708052,12:8:28:52,47.66,200
43708053,12:8:28:53,47.66,100
43708053,12:8:28:53,47.66,100
43708054,12:8:28:54,47.66,200
43708058,12:8:28:58,47.67,200
43708557,12:8:28:557,47.65,100
43708574,12:8:28:574,47.65,100
43709185,12:8:29:185,47.65,100
43709185,12:8:29:185,47.65,100
43709298,12:8:29:298,47.65,100
43712198,12:8:32:198,47.65,100
43728852,12:8:48:852,47.66,100
43728853,12:8:48:853,47.66,200
43728853,12:8:48:853,47.66,100
43728853,12:8:48:853,47.66,100
43728853,12:8:48:853,47.66,100
43728853,12:8:48:853,47.66,53
43728853,12:8:48:853,47.66,53
43728859,12:8:48:859,47.66,170
43728862,12:8:48:862,47.66,170
43728972,12:8:48:972,47.66,100
43733178,12:8:53:178,47.66,6
43735002,12:8:55:2,47.67,100
43739033,12:8:59:33,47.66,245
43739034,12:8:59:34,47.66,100
43739034,12:8:59:34,47.66,200
43739034,12:8:59:34,47.66,55
43739034,12:8:59:34,47.66,55
43739034,12:8:59:34,47.66,300
43739529,12:8:59:529,47.655,200
43740648,12:9:0:648,47.655,200
43740649,12:9:0:649,47.655,300
43740650,12:9:0:650,47.655,700
43741657,12:9:1:657,47.655,100
43743147,12:9:3:147,47.655,100
43745429,12:9:5:429,47.66,100
43745429,12:9:5:429,47.66,200
43745429,12:9:5:429,47.66,200
43747379,12:9:7:379,47.67,200
43747379,12:9:7:379,47.67,47
43747380,12:9:7:380,47.67,153
43747380,12:9:7:380,47.67,100
43747385,12:9:7:385,47.67,200
43755843,12:9:15:843,47.68,300
43757350,12:9:17:350,47.685,100
43758667,12:9:18:667,47.69,150
43758668,12:9:18:668,47.69,100
43758674,12:9:18:674,47.69,100
43758674,12:9:18:674,47.69,100
43758675,12:9:18:675,47.69,100
43758676,12:9:18:676,47.69,100
43758714,12:9:18:714,47.69,100
43758716,12:9:18:716,47.69,100
43758833,12:9:18:833,47.69,100
43758836,12:9:18:836,47.69,100
43760512,12:9:20:512,47.7,100
43761208,12:9:21:208,47.6986,51
43761970,12:9:21:970,47.7,100
43761971,12:9:21:971,47.69,100
43761975,12:9:21:975,47.71,100
43761976,12:9:21:976,47.71,100
43761976,12:9:21:976,47.7,100
43761982,12:9:21:982,47.7,100
43761998,12:9:21:998,47.69,100
43762002,12:9:22:2,47.7,100
43762081,12:9:22:81,47.69,100
43762081,12:9:22:81,47.69,100
43762088,12:9:22:88,47.69,100
43762097,12:9:22:97,47.69,100
43765762,12:9:25:762,47.7,100
43765764,12:9:25:764,47.69,100
43765923,12:9:25:923,47.69,100
43765923,12:9:25:923,47.69,300
43765923,12:9:25:923,47.69,100
43765923,12:9:25:923,47.69,100
43765927,12:9:25:927,47.68,300
43765929,12:9:25:929,47.67,200
43765930,12:9:25:930,47.67,100
43765930,12:9:25:930,47.67,100
43765930,12:9:25:930,47.67,100
43766028,12:9:26:28,47.67,200
43766028,12:9:26:28,47.67,100
43766028,12:9:26:28,47.67,100
43766028,12:9:26:28,47.67,100
43766172,12:9:26:172,47.67,100
43766637,12:9:26:637,47.68,100
43768080,12:9:28:80,47.67,100
43768080,12:9:28:80,47.67,174
43768080,12:9:28:80,47.67,400
43768080,12:9:28:80,47.67,63
43768080,12:9:28:80,47.67,100
43768080,12:9:28:80,47.67,100
43768082,12:9:28:82,47.66,100
43768083,12:9:28:83,47.66,100
43768384,12:9:28:384,47.665,100
43769281,12:9:29:281,47.66,100
43769305,12:9:29:305,47.66,100
43769722,12:9:29:722,47.66,1
43769795,12:9:29:795,47.66,100
43769924,12:9:29:924,47.66,100
43770780,12:9:30:780,47.66,200
43771721,12:9:31:721,47.67,37
43771730,12:9:31:730,47.67,200
43773064,12:9:33:64,47.66,100
43773064,12:9:33:64,47.66,100
43773067,12:9:33:67,47.66,100
43773111,12:9:33:111,47.66,400
43773895,12:9:33:895,47.65,100
43773895,12:9:33:895,47.65,100
43774084,12:9:34:84,47.67,200
43774088,12:9:34:88,47.67,100
43774095,12:9:34:95,47.665,100
43774154,12:9:34:154,47.67,200
43774267,12:9:34:267,47.67,100
43774678,12:9:34:678,47.67,100
43774773,12:9:34:773,47.66,100
43776284,12:9:36:284,47.67,100
43777589,12:9:37:589,47.66,100
43777589,12:9:37:589,47.66,200
43779387,12:9:39:387,47.665,700
43779391,12:9:39:391,47.665,400
