MsOfDay, Time,Price,Size
34200003,9:30:0:3,47.6,100
34200085,9:30:0:85,47.6,100
34200085,9:30:0:85,47.6,100
34200565,9:30:0:565,47.63,5
34201014,9:30:1:14,47.61,10647
34201871,9:30:1:871,47.62,10
34204995,9:30:4:995,47.62,4
34205655,9:30:5:655,47.62,1
34210096,9:30:10:96,47.62,20
34232344,9:30:32:344,47.61,100
34232347,9:30:32:347,47.62,50
34232347,9:30:32:347,47.62,200
34232347,9:30:32:347,47.61,100
34232347,9:30:32:347,47.61,100
34232347,9:30:32:347,47.61,100
34232347,9:30:32:347,47.62,100
34232348,9:30:32:348,47.62,104
34232348,9:30:32:348,47.62,100
34232348,9:30:32:348,47.62,100
34237849,9:30:37:849,47.61,1
34301013,9:31:41:13,47.67,5
34301492,9:31:41:492,47.58,100
34305500,9:31:45:500,47.58,100
34310493,9:31:50:493,47.6336,300
34319163,9:31:59:163,47.62,25
34325572,9:32:5:572,47.58,100
34328782,9:32:8:782,47.6,1
34349625,9:32:29:625,47.57,100
34380586,9:33:0:586,47.6014,500
34392122,9:33:12:122,47.62,100
34393743,9:33:13:743,47.58,100
34402442,9:33:22:442,47.62,100
34404240,9:33:24:240,47.65,100
34411929,9:33:31:929,47.59,1
34411936,9:33:31:936,47.615,100
34416806,9:33:36:806,47.59,99
34416806,9:33:36:806,47.57,1
34467972,9:34:27:972,47.63,6
34468961,9:34:28:961,47.57,100
34468961,9:34:28:961,47.57,199
34469028,9:34:29:28,47.56,100
34469275,9:34:29:275,47.63,2
34473843,9:34:33:843,47.63,92
34473843,9:34:33:843,47.63,8
34482403,9:34:42:403,47.56,127
34482403,9:34:42:403,47.56,100
34482403,9:34:42:403,47.56,100
34482411,9:34:42:411,47.565,100
34482464,9:34:42:464,47.53,100
34482464,9:34:42:464,47.53,300
34483690,9:34:43:690,47.52,100
34483694,9:34:43:694,47.51,100
34487410,9:34:47:410,47.4726,400
34487431,9:34:47:431,47.45,168
34487431,9:34:47:431,47.5,20
34487456,9:34:47:456,47.46,100
34489978,9:34:49:978,47.45,100
34490878,9:34:50:878,47.4654,500
34492454,9:34:52:454,47.45,200
34492508,9:34:52:508,47.56,100
34492508,9:34:52:508,47.56,70
34492508,9:34:52:508,47.55,100
34500203,9:35:0:203,47.51,6
34500240,9:35:0:240,47.55,94
34500267,9:35:0:267,47.56,100
34500394,9:35:0:394,47.46,100
34503937,9:35:3:937,47.55,100
34505002,9:35:5:2,47.56,200
34505003,9:35:5:3,47.56,100
34505065,9:35:5:65,47.57,4
34505171,9:35:5:171,47.5,100
34506620,9:35:6:620,47.58,100
34506621,9:35:6:621,47.57,96
34506702,9:35:6:702,47.52,100
34508265,9:35:8:265,47.6,100
34514262,9:35:14:262,47.61,100
34518844,9:35:18:844,47.62,100
34521881,9:35:21:881,47.63,100
34531719,9:35:31:719,47.62,100
34531720,9:35:31:720,47.62,100
34531745,9:35:31:745,47.65,34
34531760,9:35:31:760,47.63,100
34531761,9:35:31:761,47.64,100
34531761,9:35:31:761,47.65,17
34547934,9:35:47:934,47.65,100
34547934,9:35:47:934,47.65,49
34547935,9:35:47:935,47.65,1
34554303,9:35:54:303,47.67,100
34554627,9:35:54:627,47.6356,725
34556067,9:35:56:67,47.67,100
34557837,9:35:57:837,47.68,100
34597073,9:36:37:73,47.7,100
34597920,9:36:37:920,47.66,60
34597921,9:36:37:921,47.67,100
34603216,9:36:43:216,47.71,100
34612628,9:36:52:628,47.71,99
34612628,9:36:52:628,47.71,1
34612628,9:36:52:628,47.71,100
34612628,9:36:52:628,47.72,99
34612628,9:36:52:628,47.72,1
34612767,9:36:52:767,47.75,16
34637306,9:37:17:306,47.6567,100
34660693,9:37:40:693,47.75,100
34660694,9:37:40:694,47.75,100
34660694,9:37:40:694,47.75,100
34660694,9:37:40:694,47.74,25
34660694,9:37:40:694,47.74,7
34660694,9:37:40:694,47.74,75
34660694,9:37:40:694,47.74,100
34660694,9:37:40:694,47.74,100
34660694,9:37:40:694,47.74,16
34660694,9:37:40:694,47.74,184
34660694,9:37:40:694,47.74,93
34660694,9:37:40:694,47.74,100
34660694,9:37:40:694,47.74,32
34660694,9:37:40:694,47.74,68
34660694,9:37:40:694,47.74,150
34660694,9:37:40:694,47.74,49
34660694,9:37:40:694,47.74,1
34660694,9:37:40:694,47.73,100
34660694,9:37:40:694,47.73,12
34660694,9:37:40:694,47.73,50
34660694,9:37:40:694,47.73,38
34660695,9:37:40:695,47.73,100
34660695,9:37:40:695,47.73,9
34660695,9:37:40:695,47.73,38
34660695,9:37:40:695,47.73,53
34660695,9:37:40:695,47.73,126
34660695,9:37:40:695,47.73,74
34660697,9:37:40:697,47.74,100
34660697,9:37:40:697,47.73,100
34660699,9:37:40:699,47.74,100
34660705,9:37:40:705,47.74,100
34660711,9:37:40:711,47.74,100
34667072,9:37:47:72,47.74,100
34667073,9:37:47:73,47.74,100
34667073,9:37:47:73,47.75,100
34672806,9:37:52:806,47.76,100
34672806,9:37:52:806,47.76,100
34672807,9:37:52:807,47.76,1
34673011,9:37:53:11,47.755,51
34696884,9:38:16:884,47.75,100
34696885,9:38:16:885,47.74,200
34696885,9:38:16:885,47.74,100
34696886,9:38:16:886,47.74,100
34696886,9:38:16:886,47.74,9
34696889,9:38:16:889,47.74,100
34712098,9:38:32:98,47.75,1
34719365,9:38:39:365,47.73,100
34719365,9:38:39:365,47.73,100
34719365,9:38:39:365,47.73,100
34719365,9:38:39:365,47.73,100
34727695,9:38:47:695,47.73,100
34727843,9:38:47:843,47.73,100
34728845,9:38:48:845,47.72,63
34738638,9:38:58:638,47.74,100
34738652,9:38:58:652,47.75,100
34739121,9:38:59:121,47.75,100
34744146,9:39:4:146,47.76,88
34776215,9:39:36:215,47.77,100
34783463,9:39:43:463,47.79,1
34783787,9:39:43:787,47.78,100
34784991,9:39:44:991,47.79,100
34789468,9:39:49:468,47.77,10
34802453,9:40:2:453,47.8,100
34810841,9:40:10:841,47.83,100
34810853,9:40:10:853,47.82,5
34810853,9:40:10:853,47.83,95
34811018,9:40:11:18,47.82,1
34849702,9:40:49:702,47.79,100
34849702,9:40:49:702,47.79,4
34849718,9:40:49:718,47.79,100
34849718,9:40:49:718,47.79,100
34849718,9:40:49:718,47.79,63
34849718,9:40:49:718,47.79,96
34861047,9:41:1:47,47.81,100
34861047,9:41:1:47,47.82,100
34861047,9:41:1:47,47.82,92
34861047,9:41:1:47,47.82,8
34861048,9:41:1:48,47.82,100
34861048,9:41:1:48,47.82,100
34861048,9:41:1:48,47.82,100
34861048,9:41:1:48,47.82,200
34861048,9:41:1:48,47.82,100
34861048,9:41:1:48,47.82,200
34861048,9:41:1:48,47.82,200
34861048,9:41:1:48,47.82,100
34861048,9:41:1:48,47.795,100
34861048,9:41:1:48,47.7975,200
34861048,9:41:1:48,47.795,100
34861048,9:41:1:48,47.8,100
34861048,9:41:1:48,47.8,100
34861048,9:41:1:48,47.805,100
34861049,9:41:1:49,47.8,100
34861049,9:41:1:49,47.8,100
34861050,9:41:1:50,47.79,100
34861050,9:41:1:50,47.79,100
34861050,9:41:1:50,47.79,100
34861050,9:41:1:50,47.79,100
34861050,9:41:1:50,47.79,100
34861050,9:41:1:50,47.81,100
34861050,9:41:1:50,47.79,100
34861051,9:41:1:51,47.79,100
34861051,9:41:1:51,47.79,200
34861051,9:41:1:51,47.79,100
34861051,9:41:1:51,47.8,100
34861051,9:41:1:51,47.8,100
34861052,9:41:1:52,47.8,200
34861052,9:41:1:52,47.8,100
34861053,9:41:1:53,47.8,100
34861053,9:41:1:53,47.8,200
34861055,9:41:1:55,47.8,100
34861055,9:41:1:55,47.8,100
34861056,9:41:1:56,47.795,100
34861056,9:41:1:56,47.8,100
34861056,9:41:1:56,47.8,100
34861057,9:41:1:57,47.795,100
34861429,9:41:1:429,47.8,100
34869863,9:41:9:863,47.78,100
34869863,9:41:9:863,47.78,100
34869884,9:41:9:884,47.78,100
34869885,9:41:9:885,47.78,100
34869885,9:41:9:885,47.78,100
34869885,9:41:9:885,47.78,100
34871324,9:41:11:324,47.78,100
34871324,9:41:11:324,47.78,100
34871332,9:41:11:332,47.78,100
34871333,9:41:11:333,47.78,200
34871333,9:41:11:333,47.78,100
34871333,9:41:11:333,47.78,200
34871334,9:41:11:334,47.77,100
34871335,9:41:11:335,47.775,150
34871895,9:41:11:895,47.77,100
34871895,9:41:11:895,47.77,1
34872808,9:41:12:808,47.76,100
34872808,9:41:12:808,47.76,100
34872808,9:41:12:808,47.76,100
34872808,9:41:12:808,47.76,100
34873627,9:41:13:627,47.76,100
34873627,9:41:13:627,47.77,100
34873630,9:41:13:630,47.77,100
34895712,9:41:35:712,47.76,100
34904949,9:41:44:949,47.75,1
34907071,9:41:47:71,47.75,37
34907071,9:41:47:71,47.75,62
34907071,9:41:47:71,47.75,100
34907071,9:41:47:71,47.75,100
34908539,9:41:48:539,47.75,100
34908539,9:41:48:539,47.75,100
34908541,9:41:48:541,47.75,100
34910433,9:41:50:433,47.75,100
34910433,9:41:50:433,47.75,100
34911222,9:41:51:222,47.74,100
34911222,9:41:51:222,47.74,100
34911383,9:41:51:383,47.73,100
34911383,9:41:51:383,47.73,100
34911383,9:41:51:383,47.73,200
34911384,9:41:51:384,47.73,100
34919844,9:41:59:844,47.72,100
34924038,9:42:4:38,47.72,200
34924038,9:42:4:38,47.72,300
34940962,9:42:20:962,47.726,400
34943747,9:42:23:747,47.72,100
34950068,9:42:30:68,47.72,1
34950071,9:42:30:71,47.72,143
34950074,9:42:30:74,47.725,100
34957178,9:42:37:178,47.72,100
34968106,9:42:48:106,47.72,100
34968126,9:42:48:126,47.72,200
34972361,9:42:52:361,47.71,13
34972723,9:42:52:723,47.71,100
34973857,9:42:53:857,47.72,300
34978746,9:42:58:746,47.73,100
34978748,9:42:58:748,47.73,100
34978748,9:42:58:748,47.72,149
34978749,9:42:58:749,47.73,100
34978749,9:42:58:749,47.73,100
34978749,9:42:58:749,47.72,100
34978749,9:42:58:749,47.73,100
34978749,9:42:58:749,47.72,100
34978753,9:42:58:753,47.73,100
34978762,9:42:58:762,47.73,100
34978763,9:42:58:763,47.73,100
34978763,9:42:58:763,47.73,100
34980282,9:43:0:282,47.725,200
34984111,9:43:4:111,47.725,200
34984111,9:43:4:111,47.725,300
34988479,9:43:8:479,47.72,100
34992576,9:43:12:576,47.72,100
34992576,9:43:12:576,47.72,100
34993799,9:43:13:799,47.72,100
35001081,9:43:21:81,47.72,100
35001085,9:43:21:85,47.72,100
35001086,9:43:21:86,47.715,100
35005469,9:43:25:469,47.715,117
35015149,9:43:35:149,47.71,1000
35018759,9:43:38:759,47.715,100
35020590,9:43:40:590,47.72,100
35020590,9:43:40:590,47.72,29
35020594,9:43:40:594,47.72,150
35020595,9:43:40:595,47.72,100
35026115,9:43:46:115,47.73,100
35026115,9:43:46:115,47.72,100
35026115,9:43:46:115,47.72,100
35026116,9:43:46:116,47.72,100
35026116,9:43:46:116,47.72,100
35026125,9:43:46:125,47.73,100
35026126,9:43:46:126,47.73,500
35026127,9:43:46:127,47.73,60
35026127,9:43:46:127,47.73,40
35026127,9:43:46:127,47.73,100
35026127,9:43:46:127,47.72,200
35026127,9:43:46:127,47.73,300
35027146,9:43:47:146,47.73,100
35027146,9:43:47:146,47.73,100
35027159,9:43:47:159,47.73,100
35027159,9:43:47:159,47.73,100
35027159,9:43:47:159,47.73,100
35039834,9:43:59:834,47.735,100
35043950,9:44:3:950,47.735,100
35057953,9:44:17:953,47.735,100
35062737,9:44:22:737,47.735,100
35066954,9:44:26:954,47.735,100
35078955,9:44:38:955,47.735,100
35082161,9:44:42:161,47.735,200
35086082,9:44:46:82,47.75,100
35086082,9:44:46:82,47.75,400
35086082,9:44:46:82,47.75,100
35086083,9:44:46:83,47.75,79
35086083,9:44:46:83,47.75,21
35086083,9:44:46:83,47.735,100
35086084,9:44:46:84,47.74,100
35091095,9:44:51:95,47.75,100
35091095,9:44:51:95,47.75,79
35091096,9:44:51:96,47.75,100
35091096,9:44:51:96,47.75,100
35091096,9:44:51:96,47.75,100
35092635,9:44:52:635,47.75,100
35096784,9:44:56:784,47.75,100
35098740,9:44:58:740,47.74,13
35100182,9:45:0:182,47.76,27
35104059,9:45:4:59,47.75,100
35109020,9:45:9:20,47.75,300
35111066,9:45:11:66,47.75,100
35114365,9:45:14:365,47.75,300
35121011,9:45:21:11,47.75,100
35128509,9:45:28:509,47.74,100
35129220,9:45:29:220,47.75,100
35129857,9:45:29:857,47.75,100
35133710,9:45:33:710,47.75,100
35133710,9:45:33:710,47.75,100
35133726,9:45:33:726,47.75,100
35133729,9:45:33:729,47.75,70
35133915,9:45:33:915,47.75,100
35135957,9:45:35:957,47.74,269
35135957,9:45:35:957,47.74,4
35135957,9:45:35:957,47.74,100
35135957,9:45:35:957,47.74,18
35135960,9:45:35:960,47.74,100
35136068,9:45:36:68,47.74,100
35136179,9:45:36:179,47.745,100
35140310,9:45:40:310,47.745,100
35140315,9:45:40:315,47.745,100
35140321,9:45:40:321,47.745,100
35141668,9:45:41:668,47.75,100
35144238,9:45:44:238,47.74,300
35144246,9:45:44:246,47.75,100
35144291,9:45:44:291,47.745,100
35146838,9:45:46:838,47.75,100
35146842,9:45:46:842,47.76,85
35150257,9:45:50:257,47.75,200
35151210,9:45:51:210,47.755,100
35152497,9:45:52:497,47.75,100
35153177,9:45:53:177,47.75,100
35153177,9:45:53:177,47.75,100
35153177,9:45:53:177,47.75,100
35155068,9:45:55:68,47.76,43
35157183,9:45:57:183,47.745,100
35157511,9:45:57:511,47.75,100
35160010,9:46:0:10,47.76,2
35160377,9:46:0:377,47.75,100
35160566,9:46:0:566,47.75,800
35160630,9:46:0:630,47.75,100
35162464,9:46:2:464,47.74,100
35162464,9:46:2:464,47.74,100
35162470,9:46:2:470,47.75,100
35162580,9:46:2:580,47.75,100
35163902,9:46:3:902,47.74,50
35165780,9:46:5:780,47.74,100
35169362,9:46:9:362,47.735,100
35171009,9:46:11:9,47.73,200
35171009,9:46:11:9,47.74,23
35171834,9:46:11:834,47.73,21
35171834,9:46:11:834,47.74,27
35171834,9:46:11:834,47.73,100
35171835,9:46:11:835,47.73,79
35172177,9:46:12:177,47.73,200
35172177,9:46:12:177,47.73,100
35172178,9:46:12:178,47.73,200
35172178,9:46:12:178,47.73,100
35172178,9:46:12:178,47.73,50
35172178,9:46:12:178,47.73,100
35172178,9:46:12:178,47.73,100
35172182,9:46:12:182,47.73,100
35172725,9:46:12:725,47.72,100
35172725,9:46:12:725,47.72,100
35172725,9:46:12:725,47.72,100
35174409,9:46:14:409,47.72,100
35174409,9:46:14:409,47.72,100
35174447,9:46:14:447,47.72,100
35176291,9:46:16:291,47.71,100
35176375,9:46:16:375,47.71,100
35176377,9:46:16:377,47.71,84
35177978,9:46:17:978,47.7264,1
35178838,9:46:18:838,47.71,17
35178845,9:46:18:845,47.71,100
35179280,9:46:19:280,47.71,100
35181639,9:46:21:639,47.71,100
35181648,9:46:21:648,47.71,200
35181683,9:46:21:683,47.7,56
35182598,9:46:22:598,47.6901,76
35182805,9:46:22:805,47.72,100
35182808,9:46:22:808,47.72,100
35182813,9:46:22:813,47.72,100
35182832,9:46:22:832,47.72,100
35182880,9:46:22:880,47.72,100
35183831,9:46:23:831,47.72,100
35186885,9:46:26:885,47.72,1
35187219,9:46:27:219,47.72,100
35191194,9:46:31:194,47.72,20
35191197,9:46:31:197,47.72,20
35191404,9:46:31:404,47.73,100
35192346,9:46:32:346,47.73,300
35192422,9:46:32:422,47.73,100
35193811,9:46:33:811,47.73,100
35193811,9:46:33:811,47.73,100
35193811,9:46:33:811,47.73,61
35193811,9:46:33:811,47.73,39
35193811,9:46:33:811,47.73,300
35193829,9:46:33:829,47.74,100
35194326,9:46:34:326,47.73,100
35197720,9:46:37:720,47.73,100
35197826,9:46:37:826,47.74,100
35198327,9:46:38:327,47.74,1
35198405,9:46:38:405,47.74,99
35198736,9:46:38:736,47.74,100
35200422,9:46:40:422,47.74,100
35200427,9:46:40:427,47.74,99
35210395,9:46:50:395,47.74,100
35216934,9:46:56:934,47.74,100
35223826,9:47:3:826,47.73,60
35227618,9:47:7:618,47.73,5000
35228157,9:47:8:157,47.73,5000
35228193,9:47:8:193,47.74,100
35228193,9:47:8:193,47.74,100
35228194,9:47:8:194,47.75,12
35228194,9:47:8:194,47.75,99
35228194,9:47:8:194,47.75,88
35228194,9:47:8:194,47.75,99
35228194,9:47:8:194,47.75,1
35228194,9:47:8:194,47.75,99
35228194,9:47:8:194,47.75,1
35228556,9:47:8:556,47.74,100
35229212,9:47:9:212,47.76,100
35229213,9:47:9:213,47.76,100
35229213,9:47:9:213,47.76,100
35229213,9:47:9:213,47.76,100
35229213,9:47:9:213,47.76,100
35230285,9:47:10:285,47.76,100
35230287,9:47:10:287,47.75,100
35245074,9:47:25:74,47.75,100
35247462,9:47:27:462,47.7599,27
35258429,9:47:38:429,47.75,1
35258429,9:47:38:429,47.75,99
35259287,9:47:39:287,47.75,1
35259288,9:47:39:288,47.75,100
35259291,9:47:39:291,47.75,100
35259291,9:47:39:291,47.75,100
35259303,9:47:39:303,47.75,100
35259303,9:47:39:303,47.75,100
35259307,9:47:39:307,47.75,1000
35259768,9:47:39:768,47.74,100
35261083,9:47:41:83,47.75,100
35261719,9:47:41:719,47.75,100
35263124,9:47:43:124,47.74,200
35267436,9:47:47:436,47.74,100
35271098,9:47:51:98,47.75,100
35290985,9:48:10:985,47.75,300
35294122,9:48:14:122,47.745,300
35295129,9:48:15:129,47.75,100
35295129,9:48:15:129,47.75,100
35295130,9:48:15:130,47.75,100
35295130,9:48:15:130,47.75,100
35295130,9:48:15:130,47.75,900
35295688,9:48:15:688,47.75,100
35301275,9:48:21:275,47.75,200
35304674,9:48:24:674,47.75,100
35306150,9:48:26:150,47.75,100
35306206,9:48:26:206,47.75,100
35306206,9:48:26:206,47.75,100
35308819,9:48:28:819,47.75,100
35308837,9:48:28:837,47.75,100
35308899,9:48:28:899,47.75,100
35308919,9:48:28:919,47.75,100
35308921,9:48:28:921,47.75,30
35308921,9:48:28:921,47.75,25
35309109,9:48:29:109,47.755,200
35311986,9:48:31:986,47.75,100
35315213,9:48:35:213,47.75,500
35315722,9:48:35:722,47.74,100
35316854,9:48:36:854,47.75,100
35317755,9:48:37:755,47.75,100
35321819,9:48:41:819,47.75,600
35323235,9:48:43:235,47.76,73
35323235,9:48:43:235,47.755,1
35323235,9:48:43:235,47.76,99
35323235,9:48:43:235,47.76,100
35323235,9:48:43:235,47.76,100
35323235,9:48:43:235,47.76,100
35323235,9:48:43:235,47.76,100
35323235,9:48:43:235,47.76,200
35323235,9:48:43:235,47.76,100
35323235,9:48:43:235,47.76,100
35323236,9:48:43:236,47.76,200
35323236,9:48:43:236,47.755,100
35323236,9:48:43:236,47.76,300
35323236,9:48:43:236,47.76,100
35323238,9:48:43:238,47.755,100
35323239,9:48:43:239,47.76,100
35323240,9:48:43:240,47.76,100
35323241,9:48:43:241,47.76,100
35329806,9:48:49:806,47.76,100
35329807,9:48:49:807,47.76,100
35329808,9:48:49:808,47.76,100
35329810,9:48:49:810,47.76,200
35343903,9:49:3:903,47.76,70
35343903,9:49:3:903,47.76,28
35343904,9:49:3:904,47.76,1
35343906,9:49:3:906,47.76,200
35343906,9:49:3:906,47.76,100
35343906,9:49:3:906,47.76,19
35343907,9:49:3:907,47.755,100
35343908,9:49:3:908,47.755,100
35343908,9:49:3:908,47.755,100
35343909,9:49:3:909,47.755,100
35343909,9:49:3:909,47.755,100
35343909,9:49:3:909,47.755,100
35343911,9:49:3:911,47.755,100
35345260,9:49:5:260,47.75,100
35345260,9:49:5:260,47.75,100
35345260,9:49:5:260,47.75,100
35345260,9:49:5:260,47.75,100
35345260,9:49:5:260,47.75,100
35345260,9:49:5:260,47.75,100
35345260,9:49:5:260,47.75,66
35345261,9:49:5:261,47.75,34
35345515,9:49:5:515,47.75,100
35345515,9:49:5:515,47.75,100
35345515,9:49:5:515,47.75,100
35348000,9:49:8:0,47.75,100
35348180,9:49:8:180,47.75,100
35348180,9:49:8:180,47.75,100
35348180,9:49:8:180,47.75,34
35356106,9:49:16:106,47.75,100
35356613,9:49:16:613,47.75,100
35360484,9:49:20:484,47.74,100
35360485,9:49:20:485,47.74,10
35367403,9:49:27:403,47.75,100
35367458,9:49:27:458,47.75,100
35387011,9:49:47:11,47.75,100
35400026,9:50:0:26,47.74,100
35400026,9:50:0:26,47.74,100
35400026,9:50:0:26,47.74,100
35400026,9:50:0:26,47.74,100
35400026,9:50:0:26,47.74,200
35400026,9:50:0:26,47.74,100
35400026,9:50:0:26,47.74,70
35400026,9:50:0:26,47.74,11
35400026,9:50:0:26,47.74,38
35400026,9:50:0:26,47.74,19
35400026,9:50:0:26,47.74,62
35400026,9:50:0:26,47.74,81
35400026,9:50:0:26,47.74,19
35400026,9:50:0:26,47.74,38
35400026,9:50:0:26,47.74,62
35400026,9:50:0:26,47.74,290
35400026,9:50:0:26,47.74,100
35400026,9:50:0:26,47.74,38
35400026,9:50:0:26,47.74,81
35400026,9:50:0:26,47.74,200
35400026,9:50:0:26,47.74,29
35400026,9:50:0:26,47.74,100
35400026,9:50:0:26,47.74,100
35400027,9:50:0:27,47.74,29
35400027,9:50:0:27,47.74,71
35400027,9:50:0:27,47.74,100
35400027,9:50:0:27,47.74,171
35400027,9:50:0:27,47.74,10
35400027,9:50:0:27,47.74,147
35400027,9:50:0:27,47.74,100
35400078,9:50:0:78,47.74,200
35400203,9:50:0:203,47.74,100
35400214,9:50:0:214,47.74,100
35400215,9:50:0:215,47.74,100
35400215,9:50:0:215,47.74,100
35400215,9:50:0:215,47.74,100
35400215,9:50:0:215,47.74,100
35400221,9:50:0:221,47.74,100
35400238,9:50:0:238,47.74,20
35400289,9:50:0:289,47.74,100
35400292,9:50:0:292,47.74,100
35400292,9:50:0:292,47.74,100
35400897,9:50:0:897,47.75,100
35400904,9:50:0:904,47.75,100
35400904,9:50:0:904,47.75,100
35400905,9:50:0:905,47.75,66
35400905,9:50:0:905,47.75,47
35400905,9:50:0:905,47.75,100
35400905,9:50:0:905,47.75,100
35400907,9:50:0:907,47.75,700
35401138,9:50:1:138,47.75,300
35401139,9:50:1:139,47.75,100
35401140,9:50:1:140,47.75,100
35401179,9:50:1:179,47.75,100
35402965,9:50:2:965,47.73,20
35405393,9:50:5:393,47.73,37
35405393,9:50:5:393,47.73,63
35405393,9:50:5:393,47.73,37
35405393,9:50:5:393,47.73,63
35405394,9:50:5:394,47.73,200
35405394,9:50:5:394,47.73,100
35405394,9:50:5:394,47.73,100
35405394,9:50:5:394,47.73,100
35405394,9:50:5:394,47.73,98
35405394,9:50:5:394,47.73,100
35405394,9:50:5:394,47.73,100
35405394,9:50:5:394,47.73,97
35405394,9:50:5:394,47.73,2
35405394,9:50:5:394,47.73,3
35406198,9:50:6:198,47.72,100
35406199,9:50:6:199,47.71,100
35406200,9:50:6:200,47.71,100
35406200,9:50:6:200,47.71,100
35406200,9:50:6:200,47.71,200
35406446,9:50:6:446,47.71,100
35406466,9:50:6:466,47.71,60
35416508,9:50:16:508,47.71,20
35423855,9:50:23:855,47.72,100
35432683,9:50:32:683,47.71,100
35432683,9:50:32:683,47.71,100
35432684,9:50:32:684,47.71,100
35432767,9:50:32:767,47.71,100
35433685,9:50:33:685,47.71,100
35434448,9:50:34:448,47.7,100
35434449,9:50:34:449,47.7,100
35435307,9:50:35:307,47.7,200
35435700,9:50:35:700,47.71,100
35438805,9:50:38:805,47.71,100
35441908,9:50:41:908,47.7384,100
35441919,9:50:41:919,47.71,100
35447409,9:50:47:409,47.7,100
35447409,9:50:47:409,47.7,100
35447409,9:50:47:409,47.7,100
35447409,9:50:47:409,47.7,100
35447409,9:50:47:409,47.7,100
35447409,9:50:47:409,47.7,100
35447456,9:50:47:456,47.7,100
35450134,9:50:50:134,47.7,100
35450134,9:50:50:134,47.7,100
35451212,9:50:51:212,47.71,5
35457473,9:50:57:473,47.71,100
35458212,9:50:58:212,47.71,100
35464225,9:51:4:225,47.71,100
35470246,9:51:10:246,47.71,132
35470246,9:51:10:246,47.71,100
35476998,9:51:16:998,47.72,400
35476999,9:51:16:999,47.72,100
35476999,9:51:16:999,47.72,152
35477019,9:51:17:19,47.73,100
35477019,9:51:17:19,47.73,50
35481003,9:51:21:3,47.74,100
35483211,9:51:23:211,47.73,200
35483211,9:51:23:211,47.73,100
35483211,9:51:23:211,47.73,100
35483212,9:51:23:212,47.73,100
35483224,9:51:23:224,47.74,100
35483226,9:51:23:226,47.74,100
35492923,9:51:32:923,47.73,200
35492923,9:51:32:923,47.73,100
35492923,9:51:32:923,47.73,100
35492924,9:51:32:924,47.73,100
35492924,9:51:32:924,47.73,100
35492924,9:51:32:924,47.73,100
35492924,9:51:32:924,47.73,100
35492924,9:51:32:924,47.73,100
35492925,9:51:32:925,47.73,100
35492925,9:51:32:925,47.73,100
35492926,9:51:32:926,47.725,100
35492927,9:51:32:927,47.73,100
35492933,9:51:32:933,47.74,100
35493925,9:51:33:925,47.73,100
35493987,9:51:33:987,47.73,14
35494927,9:51:34:927,47.73,100
35496782,9:51:36:782,47.73,86
35496782,9:51:36:782,47.73,100
35507639,9:51:47:639,47.74,100
35507640,9:51:47:640,47.74,43
35507640,9:51:47:640,47.74,57
35507640,9:51:47:640,47.74,50
35521499,9:52:1:499,47.75,100
35529583,9:52:9:583,47.7499,1
35531571,9:52:11:571,47.74,100
35531571,9:52:11:571,47.74,100
35531571,9:52:11:571,47.74,100
35531571,9:52:11:571,47.74,97
35531571,9:52:11:571,47.74,3
35531571,9:52:11:571,47.74,200
35531571,9:52:11:571,47.74,198
35531571,9:52:11:571,47.74,100
35531571,9:52:11:571,47.74,52
35531571,9:52:11:571,47.74,200
35531571,9:52:11:571,47.74,100
35531571,9:52:11:571,47.74,10
35531571,9:52:11:571,47.74,10
35531571,9:52:11:571,47.73,97
35531572,9:52:11:572,47.73,100
35532015,9:52:12:15,47.73,100
35535878,9:52:15:878,47.74,1
35537596,9:52:17:596,47.74,100
35537597,9:52:17:597,47.74,49
35537597,9:52:17:597,47.74,100
35537597,9:52:17:597,47.74,49
35537598,9:52:17:598,47.745,100
35537598,9:52:17:598,47.75,39
35539072,9:52:19:72,47.73,100
35539072,9:52:19:72,47.73,200
35539084,9:52:19:84,47.73,100
35539085,9:52:19:85,47.74,100
35543699,9:52:23:699,47.74,100
35565261,9:52:45:261,47.74,100
35565261,9:52:45:261,47.74,200
35565262,9:52:45:262,47.7401,200
35565273,9:52:45:273,47.75,100
35572264,9:52:52:264,47.73,20
35577924,9:52:57:924,47.74,100
35577925,9:52:57:925,47.74,100
35577926,9:52:57:926,47.74,100
35577928,9:52:57:928,47.735,100
35577935,9:52:57:935,47.75,100
35578017,9:52:58:17,47.74,100
35597863,9:53:17:863,47.74,43
35599465,9:53:19:465,47.74,40
35603591,9:53:23:591,47.73,100
35605756,9:53:25:756,47.74,1
35605757,9:53:25:757,47.74,100
35605759,9:53:25:759,47.74,100
35605763,9:53:25:763,47.74,100
35605764,9:53:25:764,47.74,100
35605764,9:53:25:764,47.74,100
35605764,9:53:25:764,47.74,100
35605764,9:53:25:764,47.74,17
35605764,9:53:25:764,47.74,100
35605764,9:53:25:764,47.74,100
35605764,9:53:25:764,47.74,100
35605764,9:53:25:764,47.74,300
35605764,9:53:25:764,47.735,200
35605812,9:53:25:812,47.74,100
35607435,9:53:27:435,47.74,100
35607436,9:53:27:436,47.74,100
35607438,9:53:27:438,47.74,200
35608006,9:53:28:6,47.74,200
35611614,9:53:31:614,47.74,100
35611615,9:53:31:615,47.74,100
35611615,9:53:31:615,47.74,100
35611615,9:53:31:615,47.74,100
35611615,9:53:31:615,47.74,200
35611615,9:53:31:615,47.74,100
35611615,9:53:31:615,47.74,100
35611624,9:53:31:624,47.75,100
35611625,9:53:31:625,47.75,100
35611626,9:53:31:626,47.75,100
35611639,9:53:31:639,47.73,34
35611640,9:53:31:640,47.73,200
35611640,9:53:31:640,47.73,100
35611640,9:53:31:640,47.73,46
35611640,9:53:31:640,47.73,100
35611640,9:53:31:640,47.73,100
35611640,9:53:31:640,47.73,100
35611640,9:53:31:640,47.73,300
35611640,9:53:31:640,47.73,100
35611640,9:53:31:640,47.73,100
35611640,9:53:31:640,47.73,99
35611641,9:53:31:641,47.73,100
35611641,9:53:31:641,47.73,100
35611642,9:53:31:642,47.73,100
35611761,9:53:31:761,47.735,100
35611956,9:53:31:956,47.72,100
35611956,9:53:31:956,47.725,100
35611957,9:53:31:957,47.72,100
35611979,9:53:31:979,47.72,20
35611995,9:53:31:995,47.72,20
35612355,9:53:32:355,47.72,50
35612355,9:53:32:355,47.72,60
35612355,9:53:32:355,47.71,40
35612355,9:53:32:355,47.71,60
35612355,9:53:32:355,47.72,50
35612355,9:53:32:355,47.71,50
35612355,9:53:32:355,47.71,150
35612355,9:53:32:355,47.72,100
35612366,9:53:32:366,47.715,100
35612373,9:53:32:373,47.715,100
35612373,9:53:32:373,47.71,100
35612425,9:53:32:425,47.72,100
35612631,9:53:32:631,47.7,100
35612632,9:53:32:632,47.7099,4
35612742,9:53:32:742,47.71,200
35612743,9:53:32:743,47.71,100
35612860,9:53:32:860,47.715,100
35613489,9:53:33:489,47.715,100
35613967,9:53:33:967,47.72,100
35613967,9:53:33:967,47.72,100
35614068,9:53:34:68,47.725,100
35614937,9:53:34:937,47.72,100
35614937,9:53:34:937,47.72,100
35614937,9:53:34:937,47.725,100
35614937,9:53:34:937,47.72,100
35614938,9:53:34:938,47.725,100
35614943,9:53:34:943,47.725,100
35614948,9:53:34:948,47.73,100
35614950,9:53:34:950,47.73,100
35614952,9:53:34:952,47.73,100
35617368,9:53:37:368,47.715,100
35617368,9:53:37:368,47.7,100
35617369,9:53:37:369,47.715,100
35618149,9:53:38:149,47.73,100
35618151,9:53:38:151,47.73,100
35619039,9:53:39:39,47.73,20
35619088,9:53:39:88,47.73,20
35622042,9:53:42:42,47.73,100
35622042,9:53:42:42,47.72,100
35622042,9:53:42:42,47.73,100
35622042,9:53:42:42,47.72,100
35622042,9:53:42:42,47.73,60
35622042,9:53:42:42,47.72,40
35622048,9:53:42:48,47.73,100
35623277,9:53:43:277,47.74,100
35623577,9:53:43:577,47.74,100
35624065,9:53:44:65,47.74,100
35626332,9:53:46:332,47.74,9
35628550,9:53:48:550,47.73,100
35628550,9:53:48:550,47.73,200
35628550,9:53:48:550,47.73,100
35628550,9:53:48:550,47.73,100
35628550,9:53:48:550,47.73,100
35628550,9:53:48:550,47.73,100
35628550,9:53:48:550,47.73,100
35628550,9:53:48:550,47.73,100
35628550,9:53:48:550,47.73,100
35628560,9:53:48:560,47.74,100
35628562,9:53:48:562,47.74,100
35628565,9:53:48:565,47.74,100
35634061,9:53:54:61,47.73,100
35634061,9:53:54:61,47.73,100
35634061,9:53:54:61,47.73,100
35634061,9:53:54:61,47.73,100
35634062,9:53:54:62,47.73,100
35634062,9:53:54:62,47.73,100
35636809,9:53:56:809,47.73,101
35636810,9:53:56:810,47.73,99
35636814,9:53:56:814,47.74,100
35637121,9:53:57:121,47.74,100
35637121,9:53:57:121,47.74,100
35637121,9:53:57:121,47.74,100
35637125,9:53:57:125,47.74,100
35637132,9:53:57:132,47.75,100
35637134,9:53:57:134,47.75,100
35657014,9:54:17:14,47.74,200
35657014,9:54:17:14,47.75,100
35657014,9:54:17:14,47.75,100
35657014,9:54:17:14,47.75,122
35657014,9:54:17:14,47.75,100
35657014,9:54:17:14,47.75,100
35657014,9:54:17:14,47.75,100
35657014,9:54:17:14,47.75,50
35657014,9:54:17:14,47.75,100
35657015,9:54:17:15,47.75,100
35657021,9:54:17:21,47.755,100
35657030,9:54:17:30,47.75,100
35658006,9:54:18:6,47.75,100
35658006,9:54:18:6,47.75,100
35663136,9:54:23:136,47.75,400
35663136,9:54:23:136,47.75,100
35663136,9:54:23:136,47.75,400
35663137,9:54:23:137,47.75,200
35663137,9:54:23:137,47.75,800
35664788,9:54:24:788,47.74,100
35674699,9:54:34:699,47.76,10
35677388,9:54:37:388,47.74,100
35677652,9:54:37:652,47.76,100
35681419,9:54:41:419,47.76,9
35688208,9:54:48:208,47.75,100
35688209,9:54:48:209,47.75,400
35696885,9:54:56:885,47.74,40
35696889,9:54:56:889,47.74,200
35696889,9:54:56:889,47.74,61
35696889,9:54:56:889,47.74,1
35697505,9:54:57:505,47.73,100
35697505,9:54:57:505,47.73,100
35701389,9:55:1:389,47.74,70
35701456,9:55:1:456,47.73,100
35703956,9:55:3:956,47.73,1
35703957,9:55:3:957,47.73,100
35703957,9:55:3:957,47.73,100
35703957,9:55:3:957,47.73,100
35703957,9:55:3:957,47.73,100
35703957,9:55:3:957,47.73,26
35703958,9:55:3:958,47.73,74
35703971,9:55:3:971,47.73,65
35703975,9:55:3:975,47.73,100
35703976,9:55:3:976,47.74,100
35716012,9:55:16:12,47.74,100
35716012,9:55:16:12,47.74,100
35716012,9:55:16:12,47.74,60
35716012,9:55:16:12,47.74,100
35716017,9:55:16:17,47.74,100
35716019,9:55:16:19,47.74,40
35716028,9:55:16:28,47.74,29
35716054,9:55:16:54,47.74,30
35731030,9:55:31:30,47.7301,18
35746866,9:55:46:866,47.74,100
35756977,9:55:56:977,47.74,100
35756978,9:55:56:978,47.74,69
35760536,9:56:0:536,47.75,100
35770846,9:56:10:846,47.75,1
35771046,9:56:11:46,47.7409,100
35775134,9:56:15:134,47.75,5
35775911,9:56:15:911,47.74,100
35775912,9:56:15:912,47.74,100
35796735,9:56:36:735,47.7443,19
35802814,9:56:42:814,47.74,100
35818112,9:56:58:112,47.74,29
35823450,9:57:3:450,47.74,500
35823450,9:57:3:450,47.74,100
35823450,9:57:3:450,47.74,100
35823450,9:57:3:450,47.74,565
35823450,9:57:3:450,47.74,100
35823450,9:57:3:450,47.74,71
35823450,9:57:3:450,47.74,79
35823450,9:57:3:450,47.74,100
35823450,9:57:3:450,47.74,100
35823450,9:57:3:450,47.74,98
35823450,9:57:3:450,47.74,71
35823451,9:57:3:451,47.74,185
35823451,9:57:3:451,47.74,2
35823452,9:57:3:452,47.74,300
35823564,9:57:3:564,47.745,100
35824451,9:57:4:451,47.74,100
35824451,9:57:4:451,47.74,100
35830952,9:57:10:952,47.75,72
35830953,9:57:10:953,47.75,28
35830953,9:57:10:953,47.75,100
35830953,9:57:10:953,47.74,200
35830953,9:57:10:953,47.75,100
35830953,9:57:10:953,47.75,50
35830953,9:57:10:953,47.75,222
35830954,9:57:10:954,47.74,200
35830955,9:57:10:955,47.76,67
35830955,9:57:10:955,47.755,200
35830955,9:57:10:955,47.76,100
35830963,9:57:10:963,47.74,500
35831002,9:57:11:2,47.75,100
35833240,9:57:13:240,47.75,200
35833242,9:57:13:242,47.75,100
35833609,9:57:13:609,47.75,200
35833610,9:57:13:610,47.75,100
35848614,9:57:28:614,47.75,100
35858387,9:57:38:387,47.76,1
35878873,9:57:58:873,47.75,29
35878873,9:57:58:873,47.75,71
35878873,9:57:58:873,47.75,58
35884577,9:58:4:577,47.75,100
35884577,9:58:4:577,47.75,42
35884577,9:58:4:577,47.75,58
35884578,9:58:4:578,47.75,100
35884578,9:58:4:578,47.75,100
35884578,9:58:4:578,47.75,28
35884578,9:58:4:578,47.75,14
35884592,9:58:4:592,47.75,20
35888844,9:58:8:844,47.75,100
35888844,9:58:8:844,47.75,100
35896284,9:58:16:284,47.75,100
35912045,9:58:32:45,47.75,3200
35920967,9:58:40:967,47.75,1
35920973,9:58:40:973,47.74,52
35920975,9:58:40:975,47.7401,52
35949581,9:59:9:581,47.74,100
35964609,9:59:24:609,47.74,200
35972715,9:59:32:715,47.73,100
35972716,9:59:32:716,47.73,100
35972716,9:59:32:716,47.73,100
35972716,9:59:32:716,47.73,100
35972716,9:59:32:716,47.73,100
35972716,9:59:32:716,47.73,100
35972716,9:59:32:716,47.73,100
35972716,9:59:32:716,47.73,100
35972716,9:59:32:716,47.73,100
35972716,9:59:32:716,47.73,100
35972716,9:59:32:716,47.73,100
35972716,9:59:32:716,47.73,100
35973386,9:59:33:386,47.73,100
35980982,9:59:40:982,47.73,1
35981463,9:59:41:463,47.73,100
35984708,9:59:44:708,47.72,20
35988850,9:59:48:850,47.71,20
35988850,9:59:48:850,47.71,20
36001945,10:0:1:945,47.71,100
36001945,10:0:1:945,47.71,100
36001945,10:0:1:945,47.71,100
36001945,10:0:1:945,47.72,200
36001945,10:0:1:945,47.72,100
36001945,10:0:1:945,47.72,200
36001946,10:0:1:946,47.72,62
36002608,10:0:2:608,47.71,40
36002608,10:0:2:608,47.71,60
36002608,10:0:2:608,47.71,100
36016121,10:0:16:121,47.7,100
36041141,10:0:41:141,47.71,1
36041155,10:0:41:155,47.705,100
36043414,10:0:43:414,47.7,100
36043414,10:0:43:414,47.7,100
36043414,10:0:43:414,47.7,100
36043414,10:0:43:414,47.7,200
36043414,10:0:43:414,47.7,100
36043414,10:0:43:414,47.7,100
36043414,10:0:43:414,47.7,100
36043414,10:0:43:414,47.7,100
36043415,10:0:43:415,47.69,300
36043417,10:0:43:417,47.69,100
36043418,10:0:43:418,47.69,100
36043419,10:0:43:419,47.7,100
36043420,10:0:43:420,47.7,100
36043420,10:0:43:420,47.69,100
36044296,10:0:44:296,47.69,100
36044297,10:0:44:297,47.69,200
36044301,10:0:44:301,47.69,100
36044303,10:0:44:303,47.69,10
36044303,10:0:44:303,47.69,100
36044924,10:0:44:924,47.69,100
36047170,10:0:47:170,47.68,300
36047173,10:0:47:173,47.68,100
36047173,10:0:47:173,47.68,100
36047173,10:0:47:173,47.68,100
36047173,10:0:47:173,47.68,100
36047173,10:0:47:173,47.68,100
36047173,10:0:47:173,47.68,100
36047174,10:0:47:174,47.68,28
36047174,10:0:47:174,47.68,100
36047174,10:0:47:174,47.68,100
36047174,10:0:47:174,47.68,100
36047196,10:0:47:196,47.68,100
36050829,10:0:50:829,47.68,100
36059497,10:0:59:497,47.68,20
36072016,10:1:12:16,47.69,28
36072614,10:1:12:614,47.68,100
36074590,10:1:14:590,47.68,37
36077682,10:1:17:682,47.68,100
36081141,10:1:21:141,47.68,43
36081141,10:1:21:141,47.68,57
36081389,10:1:21:389,47.68,100
36081389,10:1:21:389,47.68,43
36081391,10:1:21:391,47.67,167
36081391,10:1:21:391,47.67,100
36081391,10:1:21:391,47.67,100
36081391,10:1:21:391,47.67,233
36081391,10:1:21:391,47.67,82
36081391,10:1:21:391,47.67,100
36081391,10:1:21:391,47.67,100
36081395,10:1:21:395,47.66,100
36081395,10:1:21:395,47.66,200
36081395,10:1:21:395,47.66,100
36081397,10:1:21:397,47.66,100
36081398,10:1:21:398,47.66,100
36081508,10:1:21:508,47.67,100
36095592,10:1:35:592,47.675,57
36105991,10:1:45:991,47.66,400
36105991,10:1:45:991,47.66,100
36105991,10:1:45:991,47.66,21
36106031,10:1:46:31,47.66,400
36106031,10:1:46:31,47.67,1
36119889,10:1:59:889,47.65,20
36131959,10:2:11:959,47.66,100
36139514,10:2:19:514,47.66,100
36139514,10:2:19:514,47.66,100
36139514,10:2:19:514,47.66,100
36139514,10:2:19:514,47.66,100
36139515,10:2:19:515,47.66,11
36139515,10:2:19:515,47.66,89
36139515,10:2:19:515,47.66,11
36139515,10:2:19:515,47.66,6
36139515,10:2:19:515,47.66,300
36139515,10:2:19:515,47.66,300
36146008,10:2:26:8,47.66,100
36153321,10:2:33:321,47.66,200
36156205,10:2:36:205,47.66,100
36169097,10:2:49:97,47.66,216
36171012,10:2:51:12,47.67,100
36171012,10:2:51:12,47.67,200
36171012,10:2:51:12,47.67,100
36171012,10:2:51:12,47.67,100
36171012,10:2:51:12,47.67,108
36171012,10:2:51:12,47.67,100
36171012,10:2:51:12,47.67,45
36179881,10:2:59:881,47.67,20
36179882,10:2:59:882,47.67,100
36190948,10:3:10:948,47.67,100
36190970,10:3:10:970,47.67,100
36192616,10:3:12:616,47.67,100
36192654,10:3:12:654,47.68,200
36192654,10:3:12:654,47.68,108
36192654,10:3:12:654,47.68,92
36192656,10:3:12:656,47.68,8
36192662,10:3:12:662,47.68,100
36213405,10:3:33:405,47.68,90
36217602,10:3:37:602,47.69,200
36217602,10:3:37:602,47.69,100
36217602,10:3:37:602,47.69,61
36217615,10:3:37:615,47.69,100
36217615,10:3:37:615,47.69,39
36217615,10:3:37:615,47.69,10
36239923,10:3:59:923,47.68,10
36240120,10:4:0:120,47.68,115
36240562,10:4:0:562,47.69,100
36240562,10:4:0:562,47.69,100
36242201,10:4:2:201,47.69,200
36242207,10:4:2:207,47.69,100
36242207,10:4:2:207,47.69,20
36242207,10:4:2:207,47.69,10
36242207,10:4:2:207,47.69,10
36252390,10:4:12:390,47.69,100
36252391,10:4:12:391,47.7,100
36252391,10:4:12:391,47.69,200
36252391,10:4:12:391,47.7,1000
36252391,10:4:12:391,47.7,100
36252399,10:4:12:399,47.69,100
36252401,10:4:12:401,47.69,100
36253398,10:4:13:398,47.7,200
36253401,10:4:13:401,47.7,100
36258572,10:4:18:572,47.7,100
36258573,10:4:18:573,47.7,200
36258573,10:4:18:573,47.7,100
36258575,10:4:18:575,47.7,11
36258575,10:4:18:575,47.7,89
36258581,10:4:18:581,47.705,30
36269009,10:4:29:9,47.7,70
36271431,10:4:31:431,47.705,100
36302074,10:5:2:74,47.71,100
36302144,10:5:2:144,47.71,100
36308163,10:5:8:163,47.71,100
36314452,10:5:14:452,47.71,261
36314452,10:5:14:452,47.71,147
36314456,10:5:14:456,47.71,53
36346901,10:5:46:901,47.72,1
36346901,10:5:46:901,47.71,19
36353433,10:5:53:433,47.72,300
36353436,10:5:53:436,47.715,200
36356124,10:5:56:124,47.72,100
36359888,10:5:59:888,47.72,10
36364693,10:6:4:693,47.71,100
36364695,10:6:4:695,47.71,22
36364695,10:6:4:695,47.71,100
36364695,10:6:4:695,47.71,81
36364718,10:6:4:718,47.71,100
36370275,10:6:10:275,47.72,100
36370324,10:6:10:324,47.72,200
36373801,10:6:13:801,47.73,100
36373801,10:6:13:801,47.73,39
36373801,10:6:13:801,47.73,68
36373801,10:6:13:801,47.73,47
36373855,10:6:13:855,47.73,10
36379469,10:6:19:469,47.74,200
36379469,10:6:19:469,47.74,100
36379469,10:6:19:469,47.74,100
36379469,10:6:19:469,47.73,14
36379529,10:6:19:529,47.74,5
36379540,10:6:19:540,47.74,100
36379543,10:6:19:543,47.74,100
36379575,10:6:19:575,47.75,100
36391499,10:6:31:499,47.73,100
36391510,10:6:31:510,47.73,100
36410449,10:6:50:449,47.72,20
36410449,10:6:50:449,47.72,78
36410449,10:6:50:449,47.72,2
36410449,10:6:50:449,47.72,100
36410449,10:6:50:449,47.72,77
36410449,10:6:50:449,47.72,200
36410449,10:6:50:449,47.72,100
36410451,10:6:50:451,47.72,100
36410452,10:6:50:452,47.72,23
36410452,10:6:50:452,47.72,100
36410452,10:6:50:452,47.72,100
36410452,10:6:50:452,47.72,100
36410453,10:6:50:453,47.71,20
36410507,10:6:50:507,47.71,20
36410510,10:6:50:510,47.71,100
36410510,10:6:50:510,47.71,100
36410510,10:6:50:510,47.71,100
36410510,10:6:50:510,47.72,100
36410510,10:6:50:510,47.71,60
36410512,10:6:50:512,47.71,100
36410513,10:6:50:513,47.71,100
36410514,10:6:50:514,47.71,100
36410516,10:6:50:516,47.71,100
36410517,10:6:50:517,47.71,200
36410518,10:6:50:518,47.71,100
36410594,10:6:50:594,47.73,100
36411007,10:6:51:7,47.71,15
36419696,10:6:59:696,47.7,100
36419696,10:6:59:696,47.7,100
36437818,10:7:17:818,47.7,137
36437836,10:7:17:836,47.7,100
36437836,10:7:17:836,47.7,100
36437854,10:7:17:854,47.705,100
36443019,10:7:23:19,47.7,200
36445353,10:7:25:353,47.7,100
36445353,10:7:25:353,47.7,100
36445353,10:7:25:353,47.7,100
36445353,10:7:25:353,47.7,100
36445353,10:7:25:353,47.7,100
36445386,10:7:25:386,47.69,100
36445386,10:7:25:386,47.69,100
36445411,10:7:25:411,47.69,100
36445511,10:7:25:511,47.69,100
36447361,10:7:27:361,47.69,100
36457239,10:7:37:239,47.7,100
36457240,10:7:37:240,47.7,100
36457250,10:7:37:250,47.71,100
36457250,10:7:37:250,47.71,200
36457250,10:7:37:250,47.71,100
36457250,10:7:37:250,47.71,11
36457250,10:7:37:250,47.71,100
36457250,10:7:37:250,47.71,100
36457251,10:7:37:251,47.705,100
36457837,10:7:37:837,47.72,100
36518228,10:8:38:228,47.71,100
36518229,10:8:38:229,47.71,40
36518229,10:8:38:229,47.71,100
36518229,10:8:38:229,47.71,100
36518229,10:8:38:229,47.71,100
36518234,10:8:38:234,47.715,100
36531602,10:8:51:602,47.7,100
36531603,10:8:51:603,47.7,100
36531651,10:8:51:651,47.7,100
36538584,10:8:58:584,47.69,100
36545596,10:9:5:596,47.71,70
36545610,10:9:5:610,47.69,100
36549813,10:9:9:813,47.7,100
36552628,10:9:12:628,47.69,100
36553484,10:9:13:484,47.69,200
36553487,10:9:13:487,47.69,100
36553489,10:9:13:489,47.69,100
36553589,10:9:13:589,47.69,100
36553594,10:9:13:594,47.69,10
36553594,10:9:13:594,47.69,90
36553594,10:9:13:594,47.69,10
36553695,10:9:13:695,47.69,300
36573559,10:9:33:559,47.68,300
36579621,10:9:39:621,47.6899,1
36585690,10:9:45:690,47.6858,100
36601616,10:10:1:616,47.69,100
36604265,10:10:4:265,47.68,100
36604266,10:10:4:266,47.68,100
36604266,10:10:4:266,47.68,100
36604266,10:10:4:266,47.68,57
36604267,10:10:4:267,47.68,100
36604267,10:10:4:267,47.68,100
36604267,10:10:4:267,47.68,43
36604267,10:10:4:267,47.68,60
36604267,10:10:4:267,47.68,100
36604321,10:10:4:321,47.68,90
36614805,10:10:14:805,47.68,100
36614819,10:10:14:819,47.68,300
36615822,10:10:15:822,47.68,100
36643430,10:10:43:430,47.68,144
36643430,10:10:43:430,47.66,100
36643430,10:10:43:430,47.66,156
36654766,10:10:54:766,47.68,100
36654766,10:10:54:766,47.68,100
36671916,10:11:11:916,47.67,100
36671916,10:11:11:916,47.67,100
36671933,10:11:11:933,47.66,100
36671933,10:11:11:933,47.66,10
36671933,10:11:11:933,47.66,100
36671934,10:11:11:934,47.66,10
36671934,10:11:11:934,47.66,25
36671935,10:11:11:935,47.66,90
36671935,10:11:11:935,47.66,119
36671935,10:11:11:935,47.66,100
36702330,10:11:42:330,47.65,200
36702331,10:11:42:331,47.65,10
36702372,10:11:42:372,47.65,100
36706757,10:11:46:757,47.65,100
36706757,10:11:46:757,47.65,100
36706757,10:11:46:757,47.65,100
36706758,10:11:46:758,47.65,100
36706758,10:11:46:758,47.65,100
36706759,10:11:46:759,47.65,100
36706762,10:11:46:762,47.65,100
36706762,10:11:46:762,47.64,300
36706763,10:11:46:763,47.64,100
36719741,10:11:59:741,47.63,10
36766139,10:12:46:139,47.63,100
36766139,10:12:46:139,47.63,100
36766139,10:12:46:139,47.63,82
36779773,10:12:59:773,47.64,10
36794132,10:13:14:132,47.63,20
36794144,10:13:14:144,47.63,20
36811521,10:13:31:521,47.64,100
36811521,10:13:31:521,47.64,100
36812529,10:13:32:529,47.64,100
36812580,10:13:32:580,47.65,300
36819577,10:13:39:577,47.65,100
36819579,10:13:39:579,47.65,3
36824208,10:13:44:208,47.63,70
36849349,10:14:9:349,47.63,20
36849353,10:14:9:353,47.63,20
36849357,10:14:9:357,47.63,20
36849357,10:14:9:357,47.63,20
36849357,10:14:9:357,47.63,20
36849357,10:14:9:357,47.63,20
36849357,10:14:9:357,47.63,20
36849358,10:14:9:358,47.63,20
36849367,10:14:9:367,47.64,20
36849367,10:14:9:367,47.63,20
36849367,10:14:9:367,47.63,20
36849367,10:14:9:367,47.63,40
36849367,10:14:9:367,47.63,20
36849367,10:14:9:367,47.64,20
36849367,10:14:9:367,47.63,20
36849368,10:14:9:368,47.64,60
36860266,10:14:20:266,47.63,20
36860266,10:14:20:266,47.63,20
36860266,10:14:20:266,47.63,5
36860266,10:14:20:266,47.63,2
36860266,10:14:20:266,47.63,58
36860266,10:14:20:266,47.63,2
36860266,10:14:20:266,47.63,195
36860266,10:14:20:266,47.63,98
36860266,10:14:20:266,47.63,1
36860266,10:14:20:266,47.63,39
36860266,10:14:20:266,47.62,20
36860267,10:14:20:267,47.62,40
36860267,10:14:20:267,47.62,20
36860267,10:14:20:267,47.62,20
36860270,10:14:20:270,47.62,20
36860272,10:14:20:272,47.62,20
36860279,10:14:20:279,47.62,20
36860279,10:14:20:279,47.62,20
36860279,10:14:20:279,47.62,40
36860279,10:14:20:279,47.62,20
36860280,10:14:20:280,47.62,100
36860280,10:14:20:280,47.62,20
36860280,10:14:20:280,47.62,20
36860281,10:14:20:281,47.61,20
36860282,10:14:20:282,47.61,20
36860282,10:14:20:282,47.61,20
36860282,10:14:20:282,47.61,20
36860286,10:14:20:286,47.61,20
36860287,10:14:20:287,47.61,20
36860297,10:14:20:297,47.63,100
36872505,10:14:32:505,47.62,100
36872506,10:14:32:506,47.62,100
36872506,10:14:32:506,47.62,100
36872506,10:14:32:506,47.62,216
36872506,10:14:32:506,47.62,100
36872507,10:14:32:507,47.63,100
36872549,10:14:32:549,47.62,100
36890038,10:14:50:38,47.63,100
36906894,10:15:6:894,47.64,100
36906900,10:15:6:900,47.64,100
36910305,10:15:10:305,47.64,300
36910306,10:15:10:306,47.64,58
36910306,10:15:10:306,47.64,42
36910306,10:15:10:306,47.64,100
36910306,10:15:10:306,47.64,58
36910306,10:15:10:306,47.64,43
36921125,10:15:21:125,47.65,100
36921177,10:15:21:177,47.66,100
36921208,10:15:21:208,47.66,100
36935374,10:15:35:374,47.66,100
36935374,10:15:35:374,47.66,100
36940902,10:15:40:902,47.66,100
36963467,10:16:3:467,47.66,100
36963591,10:16:3:591,47.67,100
36963591,10:16:3:591,47.66,13
36963611,10:16:3:611,47.68,100
36963612,10:16:3:612,47.67,1
36974694,10:16:14:694,47.6623,100
36979009,10:16:19:9,47.67,100
36979085,10:16:19:85,47.664,630
36985106,10:16:25:106,47.66,200
36985106,10:16:25:106,47.66,100
36994741,10:16:34:741,47.66,100
37015505,10:16:55:505,47.65,100
37015505,10:16:55:505,47.65,55
37015505,10:16:55:505,47.65,45
37015505,10:16:55:505,47.65,100
37015506,10:16:55:506,47.65,136
37015736,10:16:55:736,47.64,20
37015739,10:16:55:739,47.64,80
37015740,10:16:55:740,47.63,20
37028526,10:17:8:526,47.63,3
37040175,10:17:20:175,47.63,20
37060588,10:17:40:588,47.63,100
37060588,10:17:40:588,47.63,100
37060588,10:17:40:588,47.63,98
37060589,10:17:40:589,47.63,100
37060589,10:17:40:589,47.63,2
37060642,10:17:40:642,47.62,100
37060642,10:17:40:642,47.62,100
37060642,10:17:40:642,47.62,100
37060642,10:17:40:642,47.62,100
37060662,10:17:40:662,47.62,100
37066353,10:17:46:353,47.63,100
37091673,10:18:11:673,47.657,100
37093568,10:18:13:568,47.64,52
37093572,10:18:13:572,47.64,48
37099513,10:18:19:513,47.63,100
37099513,10:18:19:513,47.63,100
37099515,10:18:19:515,47.62,100
37100422,10:18:20:422,47.62,100
37100422,10:18:20:422,47.62,100
37100423,10:18:20:423,47.61,20
37111310,10:18:31:310,47.62,100
37116216,10:18:36:216,47.6,20
37116415,10:18:36:415,47.6,20
37116415,10:18:36:415,47.6,98
37116683,10:18:36:683,47.61,100
37121412,10:18:41:412,47.6,100
37121412,10:18:41:412,47.6,60
37135215,10:18:55:215,47.61,100
37135221,10:18:55:221,47.61,1
37135221,10:18:55:221,47.61,100
37135221,10:18:55:221,47.61,99
37135222,10:18:55:222,47.61,1
37157989,10:19:17:989,47.5949,200
37157992,10:19:17:992,47.59,200
37157992,10:19:17:992,47.59,200
37157993,10:19:17:993,47.59,100
37157994,10:19:17:994,47.59,100
37157994,10:19:17:994,47.5953,200
37158000,10:19:18:0,47.59,200
37158001,10:19:18:1,47.59,100
37158002,10:19:18:2,47.5952,200
37158003,10:19:18:3,47.5952,100
37158004,10:19:18:4,47.59,2098
37158006,10:19:18:6,47.58,100
37158006,10:19:18:6,47.59,100
37158006,10:19:18:6,47.59,100
37160986,10:19:20:986,47.59,100
37161519,10:19:21:519,47.59,100
37163230,10:19:23:230,47.59,100
37163247,10:19:23:247,47.59,100
37167677,10:19:27:677,47.58,100
37174342,10:19:34:342,47.57,20
37179872,10:19:39:872,47.57,30
37179872,10:19:39:872,47.57,70
37179875,10:19:39:875,47.57,30
37179876,10:19:39:876,47.57,70
37179882,10:19:39:882,47.57,100
37179888,10:19:39:888,47.57,30
37181407,10:19:41:407,47.58,100
37181407,10:19:41:407,47.58,100
37184410,10:19:44:410,47.59,11
37216176,10:20:16:176,47.58,100
37244578,10:20:44:578,47.56,20
37249378,10:20:49:378,47.5799,64
37261016,10:21:1:16,47.561,3
37263730,10:21:3:730,47.56,100
37266619,10:21:6:619,47.56,20
37266619,10:21:6:619,47.56,20
37266650,10:21:6:650,47.56,20
37266651,10:21:6:651,47.56,20
37270828,10:21:10:828,47.56,4
37270828,10:21:10:828,47.56,16
37276333,10:21:16:333,47.56,20
37281853,10:21:21:853,47.56,20
37281854,10:21:21:854,47.56,20
37281858,10:21:21:858,47.56,20
37281860,10:21:21:860,47.56,16
37281860,10:21:21:860,47.56,4
37281860,10:21:21:860,47.56,20
37281861,10:21:21:861,47.56,20
37284369,10:21:24:369,47.56,20
37291369,10:21:31:369,47.57,100
37291375,10:21:31:375,47.57,100
37291420,10:21:31:420,47.57,100
37294352,10:21:34:352,47.57,100
37294354,10:21:34:354,47.57,99
37296122,10:21:36:122,47.57,100
37303282,10:21:43:282,47.57,100
37303282,10:21:43:282,47.57,100
37303282,10:21:43:282,47.57,100
37303282,10:21:43:282,47.57,100
37303282,10:21:43:282,47.57,64
37303282,10:21:43:282,47.57,1
37303282,10:21:43:282,47.57,11
37305006,10:21:45:6,47.575,100
37310902,10:21:50:902,47.58,200
37310902,10:21:50:902,47.58,245
37310902,10:21:50:902,47.58,100
37311903,10:21:51:903,47.58,100
37326144,10:22:6:144,47.59,100
37326145,10:22:6:145,47.59,100
37326696,10:22:6:696,47.59,100
37326696,10:22:6:696,47.59,100
37326700,10:22:6:700,47.59,81
37326700,10:22:6:700,47.59,100
37330018,10:22:10:18,47.6,21
37334149,10:22:14:149,47.6,100
37334149,10:22:14:149,47.6,100
37334152,10:22:14:152,47.6,247
37334153,10:22:14:153,47.6,100
37334153,10:22:14:153,47.6,225
37334153,10:22:14:153,47.6,200
37334205,10:22:14:205,47.6,100
37334309,10:22:14:309,47.6,100
37340850,10:22:20:850,47.61,100
37340851,10:22:20:851,47.61,100
37340851,10:22:20:851,47.61,100
37340851,10:22:20:851,47.61,40
37340851,10:22:20:851,47.61,161
37356288,10:22:36:288,47.615,100
37372232,10:22:52:232,47.6,1
37388158,10:23:8:158,47.6,3000
37388375,10:23:8:375,47.62,68
37390773,10:23:10:773,47.62,32
37392945,10:23:12:945,47.6,100
37392945,10:23:12:945,47.6,100
37392945,10:23:12:945,47.6,5
37392945,10:23:12:945,47.6,100
37394381,10:23:14:381,47.6062,278
37396265,10:23:16:265,47.63,1927
37410210,10:23:30:210,47.61,100
37410210,10:23:30:210,47.615,100
37410220,10:23:30:220,47.61,200
37410227,10:23:30:227,47.61,200
37410236,10:23:30:236,47.61,100
37410240,10:23:30:240,47.61,100
37410322,10:23:30:322,47.6125,100
37430004,10:23:50:4,47.6,100
37430005,10:23:50:5,47.6,200
37430005,10:23:50:5,47.6,100
37430005,10:23:50:5,47.6,96
37430005,10:23:50:5,47.6,4
37430005,10:23:50:5,47.6,5
37430005,10:23:50:5,47.6,100
37430005,10:23:50:5,47.6,56
37430006,10:23:50:6,47.6,2
37430006,10:23:50:6,47.6,31
37430006,10:23:50:6,47.6,200
37430006,10:23:50:6,47.6,100
37430006,10:23:50:6,47.6,98
37430006,10:23:50:6,47.6,67
37430006,10:23:50:6,47.6,2
37430009,10:23:50:9,47.59,20
37430020,10:23:50:20,47.59,180
37430090,10:23:50:90,47.595,100
37430090,10:23:50:90,47.6,100
37430091,10:23:50:91,47.595,100
37431643,10:23:51:643,47.59,100
37449645,10:24:9:645,47.59,10
37485527,10:24:45:527,47.6,5
37485528,10:24:45:528,47.6,100
37485528,10:24:45:528,47.6,100
37485528,10:24:45:528,47.6,100
37485528,10:24:45:528,47.6,100
37485528,10:24:45:528,47.6,100
37485530,10:24:45:530,47.6,100
37485530,10:24:45:530,47.6,80
37485530,10:24:45:530,47.6,103
37485530,10:24:45:530,47.6,20
37485530,10:24:45:530,47.6,73
37485530,10:24:45:530,47.6,27
37485530,10:24:45:530,47.6,53
37485530,10:24:45:530,47.6,331
37485530,10:24:45:530,47.6,47
37485530,10:24:45:530,47.6,61
37485538,10:24:45:538,47.595,100
37485572,10:24:45:572,47.6,100
37485607,10:24:45:607,47.6,100
37487549,10:24:47:549,47.6,100
37487549,10:24:47:549,47.6,56
37487551,10:24:47:551,47.6,100
37504587,10:25:4:587,47.6,100
37548524,10:25:48:524,47.6,100
37548524,10:25:48:524,47.6,100
37548524,10:25:48:524,47.6,100
37548525,10:25:48:525,47.6,100
37548525,10:25:48:525,47.6,100
37548525,10:25:48:525,47.6,100
37551675,10:25:51:675,47.59,100
37554586,10:25:54:586,47.59,100
37554586,10:25:54:586,47.59,100
37554586,10:25:54:586,47.59,100
37554586,10:25:54:586,47.59,100
37554586,10:25:54:586,47.59,62
37554586,10:25:54:586,47.59,38
37554586,10:25:54:586,47.59,100
37554586,10:25:54:586,47.59,300
37554586,10:25:54:586,47.59,100
37573927,10:26:13:927,47.5857,420
37575963,10:26:15:963,47.58,100
37575964,10:26:15:964,47.58,100
37575964,10:26:15:964,47.58,100
37575964,10:26:15:964,47.58,20
37575964,10:26:15:964,47.58,80
37575964,10:26:15:964,47.58,62
37575964,10:26:15:964,47.58,100
37575965,10:26:15:965,47.58,38
37575969,10:26:15:969,47.58,200
37576106,10:26:16:106,47.58,100
37612527,10:26:52:527,47.58,100
37623851,10:27:3:851,47.58,100
37662857,10:27:42:857,47.58,30
37669969,10:27:49:969,47.57,100
37669969,10:27:49:969,47.57,100
37669969,10:27:49:969,47.57,100
37669969,10:27:49:969,47.57,1
37669969,10:27:49:969,47.57,100
37669969,10:27:49:969,47.57,100
37669971,10:27:49:971,47.56,100
37669971,10:27:49:971,47.56,100
37669971,10:27:49:971,47.56,100
37669972,10:27:49:972,47.56,100
37669973,10:27:49:973,47.56,14
37669983,10:27:49:983,47.55,100
37669983,10:27:49:983,47.55,100
37669984,10:27:49:984,47.55,100
37669984,10:27:49:984,47.55,100
37669993,10:27:49:993,47.54,100
37669993,10:27:49:993,47.54,100
37669993,10:27:49:993,47.54,100
37670003,10:27:50:3,47.53,100
37670003,10:27:50:3,47.53,100
37670006,10:27:50:6,47.52,600
37670007,10:27:50:7,47.53,100
37670007,10:27:50:7,47.53,100
37670007,10:27:50:7,47.52,100
37670007,10:27:50:7,47.53,200
37670007,10:27:50:7,47.52,400
37670007,10:27:50:7,47.52,100
37670007,10:27:50:7,47.52,100
37670007,10:27:50:7,47.53,100
37670007,10:27:50:7,47.52,100
37670007,10:27:50:7,47.52,100
37670007,10:27:50:7,47.52,100
37670007,10:27:50:7,47.52,100
37670009,10:27:50:9,47.53,100
37670010,10:27:50:10,47.53,62
37670010,10:27:50:10,47.54,100
37670011,10:27:50:11,47.54,40
37670011,10:27:50:11,47.54,20
37670015,10:27:50:15,47.53,300
37670016,10:27:50:16,47.52,62
37670972,10:27:50:972,47.53,100
37670974,10:27:50:974,47.55,10
37675940,10:27:55:940,47.53,100
37676343,10:27:56:343,47.535,4
37676943,10:27:56:943,47.53,100
37676943,10:27:56:943,47.53,100
37677318,10:27:57:318,47.53,11
37677338,10:27:57:338,47.54,11
37677777,10:27:57:777,47.53,1
37681606,10:28:1:606,47.53,6
37683277,10:28:3:277,47.53,94
37686301,10:28:6:301,47.53,100
37701894,10:28:21:894,47.53,100
37710648,10:28:30:648,47.53,200
37710648,10:28:30:648,47.53,70
37710649,10:28:30:649,47.53,93
37710649,10:28:30:649,47.53,6
37710649,10:28:30:649,47.54,16
37710650,10:28:30:650,47.53,1
37710660,10:28:30:660,47.53,100
37710660,10:28:30:660,47.53,200
37719247,10:28:39:247,47.53,100
37719254,10:28:39:254,47.54,100
37719256,10:28:39:256,47.54,100
37719256,10:28:39:256,47.54,100
37719256,10:28:39:256,47.54,100
37719256,10:28:39:256,47.54,89
37719256,10:28:39:256,47.54,464
37719256,10:28:39:256,47.54,100
37719256,10:28:39:256,47.54,47
37719256,10:28:39:256,47.54,53
37719257,10:28:39:257,47.55,32
37720529,10:28:40:529,47.55,68
37720529,10:28:40:529,47.55,100
37720529,10:28:40:529,47.55,100
37720529,10:28:40:529,47.55,100
37720529,10:28:40:529,47.55,100
37733010,10:28:53:10,47.5501,3
37739184,10:28:59:184,47.55,100
37739185,10:28:59:185,47.55,100
37742741,10:29:2:741,47.55,100
37745854,10:29:5:854,47.545,100
37747326,10:29:7:326,47.54,82
37757879,10:29:17:879,47.545,100
37764377,10:29:24:377,47.54,5
37767363,10:29:27:363,47.54,100
37767363,10:29:27:363,47.54,100
37767363,10:29:27:363,47.54,100
37767363,10:29:27:363,47.54,100
37767363,10:29:27:363,47.54,113
37767363,10:29:27:363,47.54,100
37767476,10:29:27:476,47.54,100
37767612,10:29:27:612,47.52,20
37767613,10:29:27:613,47.52,20
37767613,10:29:27:613,47.52,20
37767613,10:29:27:613,47.52,20
37767617,10:29:27:617,47.52,20
37767617,10:29:27:617,47.51,20
37767618,10:29:27:618,47.53,100
37768493,10:29:28:493,47.53,100
37768494,10:29:28:494,47.53,100
37768506,10:29:28:506,47.54,100
37768535,10:29:28:535,47.54,100
37822255,10:30:22:255,47.54,100
37840500,10:30:40:500,47.54,100
37840764,10:30:40:764,47.55,100
37840764,10:30:40:764,47.55,200
37840764,10:30:40:764,47.55,10
37848691,10:30:48:691,47.54,100
37848697,10:30:48:697,47.53,100
37857878,10:30:57:878,47.55,30
37873604,10:31:13:604,47.54,15
37876916,10:31:16:916,47.535,100
37882545,10:31:22:545,47.54,100
37882546,10:31:22:546,47.54,100
37882546,10:31:22:546,47.55,10
37882546,10:31:22:546,47.54,100
37882547,10:31:22:547,47.54,100
37882547,10:31:22:547,47.54,8
37882551,10:31:22:551,47.53,400
37882552,10:31:22:552,47.53,12
37882552,10:31:22:552,47.53,100
37882552,10:31:22:552,47.53,100
37882552,10:31:22:552,47.53,100
37882552,10:31:22:552,47.53,100
37882552,10:31:22:552,47.53,100
37882552,10:31:22:552,47.53,100
37882552,10:31:22:552,47.53,100
37882552,10:31:22:552,47.53,100
37882553,10:31:22:553,47.53,100
37882555,10:31:22:555,47.53,100
37882708,10:31:22:708,47.53,100
37882709,10:31:22:709,47.53,100
37889038,10:31:29:38,47.52,54
37905634,10:31:45:634,47.52,20
37905634,10:31:45:634,47.52,80
37905637,10:31:45:637,47.52,100
37905637,10:31:45:637,47.52,100
37905637,10:31:45:637,47.52,100
37905638,10:31:45:638,47.52,20
37905644,10:31:45:644,47.52,100
37905644,10:31:45:644,47.52,100
37905644,10:31:45:644,47.52,100
37905644,10:31:45:644,47.52,100
37906528,10:31:46:528,47.5,100
37911281,10:31:51:281,47.52,100
37911281,10:31:51:281,47.51,100
37911281,10:31:51:281,47.51,100
37912415,10:31:52:415,47.5,100
37912416,10:31:52:416,47.5,100
37918872,10:31:58:872,47.52,20
37918877,10:31:58:877,47.51,94
37927861,10:32:7:861,47.508,52
37930182,10:32:10:182,47.5,200
37930443,10:32:10:443,47.5,100
37930443,10:32:10:443,47.5,100
37930443,10:32:10:443,47.5,20
37930443,10:32:10:443,47.5,80
37930444,10:32:10:444,47.5,2
37930444,10:32:10:444,47.5,8
37930444,10:32:10:444,47.5,100
37931091,10:32:11:91,47.49,100
37948558,10:32:28:558,47.48,71
37979869,10:32:59:869,47.5,10
37983442,10:33:3:442,47.48,100
37983442,10:33:3:442,47.48,100
37983442,10:33:3:442,47.48,50
37983442,10:33:3:442,47.48,100
37983445,10:33:3:445,47.46,100
37983445,10:33:3:445,47.46,100
37983447,10:33:3:447,47.45,100
37983458,10:33:3:458,47.47,100
37983483,10:33:3:483,47.52,200
37988920,10:33:8:920,47.44,100
37988920,10:33:8:920,47.44,100
37990824,10:33:10:824,47.43,100
38007501,10:33:27:501,47.44,200
38059856,10:34:19:856,47.42,20
38061330,10:34:21:330,47.42,20
38061330,10:34:21:330,47.42,20
38061330,10:34:21:330,47.42,20
38061330,10:34:21:330,47.42,20
38061332,10:34:21:332,47.42,20
38061333,10:34:21:333,47.42,20
38061336,10:34:21:336,47.42,100
38061338,10:34:21:338,47.42,40
38061339,10:34:21:339,47.41,20
38065580,10:34:25:580,47.39,98
38100797,10:35:0:797,47.39,20
38108432,10:35:8:432,47.4022,150
38119809,10:35:19:809,47.39,20
38124850,10:35:24:850,47.4034,192
38141340,10:35:41:340,47.43,17
38141340,10:35:41:340,47.43,129
38141340,10:35:41:340,47.43,83
38141341,10:35:41:341,47.43,10
38141346,10:35:41:346,47.42,100
38141346,10:35:41:346,47.42,100
38141358,10:35:41:358,47.42,25
38141360,10:35:41:360,47.43,325
38141361,10:35:41:361,47.43,31
38141361,10:35:41:361,47.43,100
38141361,10:35:41:361,47.43,100
38141361,10:35:41:361,47.43,122
38141361,10:35:41:361,47.43,100
38141361,10:35:41:361,47.43,100
38141361,10:35:41:361,47.43,100
38141361,10:35:41:361,47.43,100
38141361,10:35:41:361,47.43,6
38141361,10:35:41:361,47.43,122
38141366,10:35:41:366,47.43,100
38154405,10:35:54:405,47.44,100
38160808,10:36:0:808,47.42,20
38162155,10:36:2:155,47.42,20
38162156,10:36:2:156,47.42,20
38162156,10:36:2:156,47.42,20
38163747,10:36:3:747,47.44,100
38167080,10:36:7:80,47.438,100
38175995,10:36:15:995,47.44,200
38182993,10:36:22:993,47.42,60
38182993,10:36:22:993,47.42,100
38182993,10:36:22:993,47.42,80
38183076,10:36:23:76,47.42,51
38189369,10:36:29:369,47.437,100
38192271,10:36:32:271,47.44,1000
38196376,10:36:36:376,47.4399,2
38201144,10:36:41:144,47.42,100
38201147,10:36:41:147,47.42,100
38201219,10:36:41:219,47.42,100
38201363,10:36:41:363,47.41,100
38202772,10:36:42:772,47.42,100
38205230,10:36:45:230,47.42,200
38205230,10:36:45:230,47.42,100
38205231,10:36:45:231,47.42,100
38205231,10:36:45:231,47.42,10
38205231,10:36:45:231,47.42,11
38210271,10:36:50:271,47.429,100
38216298,10:36:56:298,47.43,100
38216299,10:36:56:299,47.44,100
38216299,10:36:56:299,47.43,100
38216300,10:36:56:300,47.44,100
38216300,10:36:56:300,47.44,100
38216301,10:36:56:301,47.44,100
38216301,10:36:56:301,47.44,100
38216301,10:36:56:301,47.44,100
38216312,10:36:56:312,47.43,100
38226398,10:37:6:398,47.43,100
38226398,10:37:6:398,47.43,100
38226399,10:37:6:399,47.43,100
38226773,10:37:6:773,47.43,100
38237946,10:37:17:946,47.43,100
38267366,10:37:47:366,47.42,100
38267367,10:37:47:367,47.42,100
38267367,10:37:47:367,47.42,100
38267367,10:37:47:367,47.42,100
38267367,10:37:47:367,47.42,80
38267367,10:37:47:367,47.42,100
38267625,10:37:47:625,47.4199,1
38273804,10:37:53:804,47.42,100
38273804,10:37:53:804,47.42,100
38297561,10:38:17:561,47.42,100
38299540,10:38:19:540,47.41,100
38299541,10:38:19:541,47.41,200
38299542,10:38:19:542,47.4,100
38299542,10:38:19:542,47.4,100
38300204,10:38:20:204,47.41,100
38301398,10:38:21:398,47.4,37
38316299,10:38:36:299,47.42,100
38317890,10:38:37:890,47.42,100
38317891,10:38:37:891,47.42,100
38317891,10:38:37:891,47.42,100
38329699,10:38:49:699,47.43,100
38345044,10:39:5:44,47.43,100
38358002,10:39:18:2,47.42,1
38358097,10:39:18:97,47.44,100
38358246,10:39:18:246,47.43,100
38358259,10:39:18:259,47.43,100
38358260,10:39:18:260,47.43,100
38358888,10:39:18:888,47.42,100
38358891,10:39:18:891,47.42,100
38395034,10:39:55:34,47.42,75
38395105,10:39:55:105,47.43,10
38395105,10:39:55:105,47.43,100
38395113,10:39:55:113,47.43,100
38395126,10:39:55:126,47.43,100
38421815,10:40:21:815,47.4299,2
38422610,10:40:22:610,47.43,100
38422610,10:40:22:610,47.43,100
38422610,10:40:22:610,47.43,11
38429684,10:40:29:684,47.42,119
38442532,10:40:42:532,47.42,2
38450580,10:40:50:580,47.44,100
38450580,10:40:50:580,47.44,100
38450580,10:40:50:580,47.44,32
38450580,10:40:50:580,47.44,49
38450580,10:40:50:580,47.44,1
38463914,10:41:3:914,47.46,100
38478292,10:41:18:292,47.47,100
38478318,10:41:18:318,47.47,100
38478319,10:41:18:319,47.47,100
38505805,10:41:45:805,47.46,100
38506403,10:41:46:403,47.49,100
38506404,10:41:46:404,47.49,100
38506405,10:41:46:405,47.49,100
38506407,10:41:46:407,47.49,100
38506423,10:41:46:423,47.49,100
38506423,10:41:46:423,47.49,1
38506427,10:41:46:427,47.49,50
38506437,10:41:46:437,47.49,100
38507688,10:41:47:688,47.5,100
38507688,10:41:47:688,47.5,50
38542633,10:42:22:633,47.47,100
38543089,10:42:23:89,47.47,100
38543089,10:42:23:89,47.47,100
38543090,10:42:23:90,47.47,100
38543109,10:42:23:109,47.47,200
38543119,10:42:23:119,47.47,200
38543120,10:42:23:120,47.47,100
38543120,10:42:23:120,47.47,100
38543120,10:42:23:120,47.47,100
38543120,10:42:23:120,47.47,100
38543695,10:42:23:695,47.46,100
38543695,10:42:23:695,47.46,100
38543696,10:42:23:696,47.46,100
38543696,10:42:23:696,47.46,100
38543697,10:42:23:697,47.46,100
38543697,10:42:23:697,47.46,100
38543697,10:42:23:697,47.46,100
38543709,10:42:23:709,47.46,100
38543814,10:42:23:814,47.46,100
38548501,10:42:28:501,47.45,100
38548502,10:42:28:502,47.46,200
38548502,10:42:28:502,47.46,100
38548512,10:42:28:512,47.45,100
38548514,10:42:28:514,47.45,100
38548514,10:42:28:514,47.45,100
38550020,10:42:30:20,47.44,100
38550815,10:42:30:815,47.45,100
38566322,10:42:46:322,47.46,100
38577949,10:42:57:949,47.46,1
38646811,10:44:6:811,47.45,100
38700005,10:45:0:5,47.46,1400
38700005,10:45:0:5,47.46,200
38707855,10:45:7:855,47.46,100
38707855,10:45:7:855,47.46,31
38737014,10:45:37:14,47.46,400
38743467,10:45:43:467,47.46,400
38759213,10:45:59:213,47.45,100
38759298,10:45:59:298,47.46,2
38759298,10:45:59:298,47.46,98
38759299,10:45:59:299,47.46,100
38759319,10:45:59:319,47.45,10
38759383,10:45:59:383,47.45,100
38760087,10:46:0:87,47.45,100
38760188,10:46:0:188,47.45,10
38810537,10:46:50:537,47.44,4
38837456,10:47:17:456,47.45,3511
38846248,10:47:26:248,47.45,100
38846249,10:47:26:249,47.44,100
38846952,10:47:26:952,47.45,100
38854962,10:47:34:962,47.445,11
38854964,10:47:34:964,47.45,89
38857404,10:47:37:404,47.45,100
38862984,10:47:42:984,47.45,11
38862984,10:47:42:984,47.45,11
38862984,10:47:42:984,47.45,16
38862984,10:47:42:984,47.45,62
38864806,10:47:44:806,47.45,10
38864806,10:47:44:806,47.45,10
38864820,10:47:44:820,47.45,100
38864850,10:47:44:850,47.46,100
38873512,10:47:53:512,47.4599,1
38879442,10:47:59:442,47.46,2
38898719,10:48:18:719,47.44,200
38912381,10:48:32:381,47.45,100
38912397,10:48:32:397,47.46,100
38912397,10:48:32:397,47.46,20
38912398,10:48:32:398,47.46,69
38912398,10:48:32:398,47.46,10
38912402,10:48:32:402,47.46,100
38912402,10:48:32:402,47.46,197
38912402,10:48:32:402,47.46,3
38912402,10:48:32:402,47.46,7
38912402,10:48:32:402,47.46,197
38912402,10:48:32:402,47.46,16
38912402,10:48:32:402,47.46,90
38938934,10:48:58:934,47.465,200
38952008,10:49:12:8,47.465,400
38958547,10:49:18:547,47.46,100
38958548,10:49:18:548,47.46,16
38958548,10:49:18:548,47.46,84
38958548,10:49:18:548,47.46,4
38958548,10:49:18:548,47.46,200
39035068,10:50:35:68,47.47,100
39035068,10:50:35:68,47.47,100
39035068,10:50:35:68,47.47,100
39035068,10:50:35:68,47.47,100
39035068,10:50:35:68,47.47,100
39035068,10:50:35:68,47.47,1200
39035069,10:50:35:69,47.47,10
39035069,10:50:35:69,47.47,11
39035069,10:50:35:69,47.47,76
39035069,10:50:35:69,47.47,600
39035069,10:50:35:69,47.48,100
39035069,10:50:35:69,47.48,3
39035071,10:50:35:71,47.48,100
39035078,10:50:35:78,47.47,70
39035116,10:50:35:116,47.47,3
39036002,10:50:36:2,47.48,100
39036002,10:50:36:2,47.48,100
39036002,10:50:36:2,47.48,100
39036002,10:50:36:2,47.48,100
39036003,10:50:36:3,47.48,100
39036003,10:50:36:3,47.48,100
39036003,10:50:36:3,47.48,100
39036003,10:50:36:3,47.48,100
39036003,10:50:36:3,47.48,11
39036003,10:50:36:3,47.48,80
39036004,10:50:36:4,47.49,100
39036004,10:50:36:4,47.49,100
39036005,10:50:36:5,47.49,50
39036007,10:50:36:7,47.49,100
39036012,10:50:36:12,47.48,100
39036018,10:50:36:18,47.49,100
39036022,10:50:36:22,47.49,100
39036025,10:50:36:25,47.5,2
39036026,10:50:36:26,47.5,100
39036026,10:50:36:26,47.5,98
39036026,10:50:36:26,47.5,2
39036026,10:50:36:26,47.5,100
39036027,10:50:36:27,47.51,98
39036030,10:50:36:30,47.51,100
39036030,10:50:36:30,47.51,100
39036031,10:50:36:31,47.51,100
39036077,10:50:36:77,47.51,100
39036186,10:50:36:186,47.51,100
39036186,10:50:36:186,47.51,100
39036186,10:50:36:186,47.51,100
39036195,10:50:36:195,47.51,2
39037008,10:50:37:8,47.51,40
39037008,10:50:37:8,47.51,60
39037011,10:50:37:11,47.51,40
39037011,10:50:37:11,47.51,60
39037126,10:50:37:126,47.5,100
39037126,10:50:37:126,47.5,100
39037126,10:50:37:126,47.5,100
39037126,10:50:37:126,47.5,40
39037126,10:50:37:126,47.5,100
39037126,10:50:37:126,47.5,100
39037126,10:50:37:126,47.5,60
39037126,10:50:37:126,47.5,60
39037126,10:50:37:126,47.5,100
39037126,10:50:37:126,47.5,100
39037243,10:50:37:243,47.505,100
39038450,10:50:38:450,47.4927,200
39038559,10:50:38:559,47.4674,200
39043584,10:50:43:584,47.5,100
39048367,10:50:48:367,47.5,400
39048367,10:50:48:367,47.5,100
39048367,10:50:48:367,47.5,100
39057826,10:50:57:826,47.5,100
39057826,10:50:57:826,47.5,100
39057827,10:50:57:827,47.505,100
39057833,10:50:57:833,47.505,100
39058016,10:50:58:16,47.5,100
39089117,10:51:29:117,47.5099,1
39095774,10:51:35:774,47.5,100
39095774,10:51:35:774,47.5,202
39095775,10:51:35:775,47.5,100
39096006,10:51:36:6,47.5,100
39125532,10:52:5:532,47.5,100
39125532,10:52:5:532,47.5,100
39125532,10:52:5:532,47.5,200
39126533,10:52:6:533,47.51,100
39126533,10:52:6:533,47.51,100
39128617,10:52:8:617,47.5,20
39128620,10:52:8:620,47.51,100
39136674,10:52:16:674,47.5,20
39136675,10:52:16:675,47.5,20
39136675,10:52:16:675,47.5,20
39136675,10:52:16:675,47.5,20
39136677,10:52:16:677,47.5,40
39136679,10:52:16:679,47.5,20
39136790,10:52:16:790,47.51,100
39136790,10:52:16:790,47.51,100
39136799,10:52:16:799,47.52,100
39136800,10:52:16:800,47.52,100
39136888,10:52:16:888,47.52,15
39144872,10:52:24:872,47.5,20
39144873,10:52:24:873,47.5,20
39150082,10:52:30:82,47.51,200
39171166,10:52:51:166,47.5,20
39171198,10:52:51:198,47.51,200
39172043,10:52:52:43,47.51,100
39176110,10:52:56:110,47.51,100
39185371,10:53:5:371,47.51,100
39204222,10:53:24:222,47.51,100
39209071,10:53:29:71,47.51,2
39215630,10:53:35:630,47.51,100
39215630,10:53:35:630,47.51,100
39218275,10:53:38:275,47.51,17
39218281,10:53:38:281,47.51,8
39221866,10:53:41:866,47.52,11
39221866,10:53:41:866,47.52,689
39221866,10:53:41:866,47.52,11
39221866,10:53:41:866,47.52,45
39221866,10:53:41:866,47.52,100
39222003,10:53:42:3,47.53,100
39222819,10:53:42:819,47.53,200
39222819,10:53:42:819,47.535,200
39222820,10:53:42:820,47.53,100
39222820,10:53:42:820,47.53,100
39222820,10:53:42:820,47.53,100
39222820,10:53:42:820,47.53,16
39222820,10:53:42:820,47.53,100
39222820,10:53:42:820,47.53,84
39222821,10:53:42:821,47.52,100
39222821,10:53:42:821,47.52,100
39222823,10:53:42:823,47.52,200
39222823,10:53:42:823,47.52,100
39222858,10:53:42:858,47.52,400
39222938,10:53:42:938,47.535,100
39226281,10:53:46:281,47.52,20
39226285,10:53:46:285,47.52,100
39226285,10:53:46:285,47.52,100
39226286,10:53:46:286,47.52,100
39226300,10:53:46:300,47.52,100
39226603,10:53:46:603,47.53,200
39226604,10:53:46:604,47.53,100
39228807,10:53:48:807,47.54,200
39230820,10:53:50:820,47.54,200
39232680,10:53:52:680,47.53,100
39232680,10:53:52:680,47.53,63
39232680,10:53:52:680,47.53,100
39232680,10:53:52:680,47.53,200
39232680,10:53:52:680,47.53,100
39232680,10:53:52:680,47.53,200
39232682,10:53:52:682,47.52,100
39232682,10:53:52:682,47.52,100
39232682,10:53:52:682,47.52,63
39232683,10:53:52:683,47.52,363
39232683,10:53:52:683,47.52,74
39232685,10:53:52:685,47.53,100
39232688,10:53:52:688,47.53,100
39232743,10:53:52:743,47.53,1000
39232803,10:53:52:803,47.53,400
39232807,10:53:52:807,47.53,100
39232818,10:53:52:818,47.525,100
39232823,10:53:52:823,47.53,100
39233438,10:53:53:438,47.53,100
39233438,10:53:53:438,47.53,100
39233438,10:53:53:438,47.53,100
39233438,10:53:53:438,47.53,200
39233439,10:53:53:439,47.53,100
39233439,10:53:53:439,47.53,100
39233439,10:53:53:439,47.53,100
39233455,10:53:53:455,47.53,100
39233490,10:53:53:490,47.53,200
39239153,10:53:59:153,47.52,200
39239154,10:53:59:154,47.52,26
39241024,10:54:1:24,47.52,100
39247009,10:54:7:9,47.52,1
39247009,10:54:7:9,47.52,68
39248201,10:54:8:201,47.53,100
39248201,10:54:8:201,47.53,100
39248201,10:54:8:201,47.53,20
39248201,10:54:8:201,47.53,100
39248201,10:54:8:201,47.53,100
39248201,10:54:8:201,47.53,11
39248201,10:54:8:201,47.53,100
39248214,10:54:8:214,47.54,100
39248215,10:54:8:215,47.54,100
39248215,10:54:8:215,47.54,100
39248215,10:54:8:215,47.54,100
39253421,10:54:13:421,47.54,100
39253421,10:54:13:421,47.54,100
39253421,10:54:13:421,47.54,100
39256026,10:54:16:26,47.54,20
39256026,10:54:16:26,47.54,20
39256027,10:54:16:27,47.54,20
39304267,10:55:4:267,47.55,84
39349151,10:55:49:151,47.555,100
39349190,10:55:49:190,47.56,100
39349190,10:55:49:190,47.56,40
39349190,10:55:49:190,47.56,100
39349191,10:55:49:191,47.57,3
39349191,10:55:49:191,47.57,305
39349192,10:55:49:192,47.57,100
39349192,10:55:49:192,47.57,100
39349192,10:55:49:192,47.57,100
39349192,10:55:49:192,47.57,20
39349197,10:55:49:197,47.57,100
39349322,10:55:49:322,47.57,100
39349322,10:55:49:322,47.57,10
39349322,10:55:49:322,47.57,100
39349322,10:55:49:322,47.57,90
39349323,10:55:49:323,47.57,10
39350105,10:55:50:105,47.57,100
39350107,10:55:50:107,47.57,700
39350107,10:55:50:107,47.57,1
39350108,10:55:50:108,47.58,100
39360609,10:56:0:609,47.57,100
39360610,10:56:0:610,47.57,100
39366914,10:56:6:914,47.56,100
39369428,10:56:9:428,47.57,100
39369428,10:56:9:428,47.57,100
39369428,10:56:9:428,47.57,100
39381349,10:56:21:349,47.58,100
39415740,10:56:55:740,47.575,400
39415741,10:56:55:741,47.57,400
39415743,10:56:55:743,47.58,400
39415744,10:56:55:744,47.57,300
39415766,10:56:55:766,47.575,200
39415776,10:56:55:776,47.575,300
39415776,10:56:55:776,47.58,75
39416473,10:56:56:473,47.575,500
39420546,10:57:0:546,47.575,100
39420554,10:57:0:554,47.58,100
39421894,10:57:1:894,47.58,100
39421898,10:57:1:898,47.575,300
39421923,10:57:1:923,47.575,1000
39421929,10:57:1:929,47.58,5
39421932,10:57:1:932,47.58,100
39421932,10:57:1:932,47.58,48
39421941,10:57:1:941,47.58,100
39421941,10:57:1:941,47.58,100
39422050,10:57:2:50,47.59,100
39422291,10:57:2:291,47.59,100
39422291,10:57:2:291,47.59,100
39422292,10:57:2:292,47.59,100
39422292,10:57:2:292,47.59,40
39422797,10:57:2:797,47.59,1000
39423928,10:57:3:928,47.6,100
39423929,10:57:3:929,47.6,100
39423930,10:57:3:930,47.6,100
39423933,10:57:3:933,47.595,200
39425965,10:57:5:965,47.595,300
39427537,10:57:7:537,47.595,100
39427553,10:57:7:553,47.595,100
39427709,10:57:7:709,47.6,100
39427711,10:57:7:711,47.6,100
39427929,10:57:7:929,47.59,200
39427936,10:57:7:936,47.59,100
39430092,10:57:10:92,47.595,200
39430120,10:57:10:120,47.595,600
39430122,10:57:10:122,47.6,200
39431883,10:57:11:883,47.595,100
39431887,10:57:11:887,47.595,100
39431989,10:57:11:989,47.5472,100
39432990,10:57:12:990,47.5975,100
39432994,10:57:12:994,47.595,100
39432994,10:57:12:994,47.6,100
39433008,10:57:13:8,47.5975,200
39435018,10:57:15:18,47.59,200
39463023,10:57:43:23,47.5925,100
39476112,10:57:56:112,47.6,100
39497008,10:58:17:8,47.59,26
39497008,10:58:17:8,47.59,100
39497008,10:58:17:8,47.59,11
39497008,10:58:17:8,47.59,100
39497008,10:58:17:8,47.59,63
39497008,10:58:17:8,47.59,100
39497008,10:58:17:8,47.59,100
39497008,10:58:17:8,47.59,5
39497008,10:58:17:8,47.59,100
39497008,10:58:17:8,47.59,100
39497008,10:58:17:8,47.59,100
39497008,10:58:17:8,47.59,100
39497009,10:58:17:9,47.58,100
39497009,10:58:17:9,47.58,100
39497009,10:58:17:9,47.58,200
39497010,10:58:17:10,47.58,100
39497010,10:58:17:10,47.58,100
39497010,10:58:17:10,47.58,100
39497010,10:58:17:10,47.58,100
39497010,10:58:17:10,47.58,100
39497012,10:58:17:12,47.58,100
39497016,10:58:17:16,47.58,10
39497625,10:58:17:625,47.58,100
39497644,10:58:17:644,47.58,100
39528000,10:58:48:0,47.59,100
39528000,10:58:48:0,47.59,100
39528000,10:58:48:0,47.59,100
39528000,10:58:48:0,47.59,40
39528000,10:58:48:0,47.59,400
39528000,10:58:48:0,47.59,100
39537500,10:58:57:500,47.59,100
39537500,10:58:57:500,47.59,100
39537501,10:58:57:501,47.59,10
39537502,10:58:57:502,47.59,100
39537503,10:58:57:503,47.59,100
39543769,10:59:3:769,47.59,90
39547175,10:59:7:175,47.59,2
39580013,10:59:40:13,47.6,21
39587320,10:59:47:320,47.595,100
39587322,10:59:47:322,47.6,100
39587322,10:59:47:322,47.595,100
39587323,10:59:47:323,47.595,100
39587353,10:59:47:353,47.595,600
39587962,10:59:47:962,47.6,100
39587962,10:59:47:962,47.6,100
39587962,10:59:47:962,47.6,79
39587963,10:59:47:963,47.6,100
39587966,10:59:47:966,47.6,100
39587966,10:59:47:966,47.6,100
39587966,10:59:47:966,47.6,10
39587966,10:59:47:966,47.6,30
39587966,10:59:47:966,47.6,1
39595475,10:59:55:475,47.605,100
39595478,10:59:55:478,47.61,600
39597482,10:59:57:482,47.605,100
39602648,11:0:2:648,47.6,56
39602659,11:0:2:659,47.61,100
39602684,11:0:2:684,47.61,100
39604672,11:0:4:672,47.61,200
39604672,11:0:4:672,47.61,300
39604696,11:0:4:696,47.61,100
39606680,11:0:6:680,47.605,100
39612010,11:0:12:10,47.6,100
39612011,11:0:12:11,47.6,100
39612013,11:0:12:13,47.61,100
39612017,11:0:12:17,47.605,100
39612023,11:0:12:23,47.6,10
39612023,11:0:12:23,47.6,10
39612031,11:0:12:31,47.61,100
39612031,11:0:12:31,47.61,9
39612031,11:0:12:31,47.61,91
39612032,11:0:12:32,47.61,100
39624237,11:0:24:237,47.609,100
39624264,11:0:24:264,47.605,9
39624266,11:0:24:266,47.61,54
39635247,11:0:35:247,47.61,100
39648795,11:0:48:795,47.61,100
39648795,11:0:48:795,47.61,100
39648795,11:0:48:795,47.61,146
39648795,11:0:48:795,47.61,100
39648795,11:0:48:795,47.61,100
39648795,11:0:48:795,47.61,80
39648795,11:0:48:795,47.61,46
39648795,11:0:48:795,47.61,46
39648795,11:0:48:795,47.61,100
39648795,11:0:48:795,47.61,20
39648795,11:0:48:795,47.61,9
39648795,11:0:48:795,47.61,9
39648795,11:0:48:795,47.61,43
39648795,11:0:48:795,47.61,9
39648795,11:0:48:795,47.61,10
39651413,11:0:51:413,47.61,100
39651417,11:0:51:417,47.615,100
39662427,11:1:2:427,47.61,10
39676831,11:1:16:831,47.62,100
39676831,11:1:16:831,47.62,100
39676835,11:1:16:835,47.62,4
39679122,11:1:19:122,47.62,100
39679128,11:1:19:128,47.61,300
39679130,11:1:19:130,47.61,100
39679130,11:1:19:130,47.61,90
39679131,11:1:19:131,47.61,100
39679131,11:1:19:131,47.61,100
39679131,11:1:19:131,47.61,100
39679131,11:1:19:131,47.61,98
39679131,11:1:19:131,47.61,100
39679131,11:1:19:131,47.61,100
39679131,11:1:19:131,47.61,100
39679132,11:1:19:132,47.6,56
39679132,11:1:19:132,47.61,100
39679248,11:1:19:248,47.615,100
39679258,11:1:19:258,47.61,100
39679259,11:1:19:259,47.6225,100
39682183,11:1:22:183,47.6002,100
39690117,11:1:30:117,47.6,100
39690117,11:1:30:117,47.6,100
39703758,11:1:43:758,47.609,100
39716028,11:1:56:28,47.6094,200
39716254,11:1:56:254,47.61,10
39724581,11:2:4:581,47.61,100
39724581,11:2:4:581,47.61,100
39724581,11:2:4:581,47.61,200
39724581,11:2:4:581,47.61,24
39724581,11:2:4:581,47.61,100
39724581,11:2:4:581,47.61,76
39724581,11:2:4:581,47.61,24
39724581,11:2:4:581,47.61,76
39724581,11:2:4:581,47.61,10
39724581,11:2:4:581,47.61,100
39724582,11:2:4:582,47.61,100
39724582,11:2:4:582,47.61,10
39724582,11:2:4:582,47.61,90
39724582,11:2:4:582,47.61,10
39724589,11:2:4:589,47.62,100
39724595,11:2:4:595,47.62,100
39735307,11:2:15:307,47.629,350
39736908,11:2:16:908,47.62,100
39736908,11:2:16:908,47.62,100
39736908,11:2:16:908,47.62,100
39736908,11:2:16:908,47.62,147
39736909,11:2:16:909,47.62,53
39736909,11:2:16:909,47.62,100
39736910,11:2:16:910,47.61,12
39737018,11:2:17:18,47.62,100
39737980,11:2:17:980,47.61,88
39748663,11:2:28:663,47.6167,12
39774843,11:2:54:843,47.62,100
39774844,11:2:54:844,47.62,100
39774844,11:2:54:844,47.62,9
39777658,11:2:57:658,47.62,100
39809841,11:3:29:841,47.63,100
39809842,11:3:29:842,47.63,100
39809842,11:3:29:842,47.63,100
39809842,11:3:29:842,47.63,100
39844627,11:4:4:627,47.62,8
39899641,11:4:59:641,47.62,20
39914966,11:5:14:966,47.64,100
39914966,11:5:14:966,47.64,100
39914966,11:5:14:966,47.64,2
39914966,11:5:14:966,47.64,40
39914967,11:5:14:967,47.64,60
39914967,11:5:14:967,47.64,60
39914967,11:5:14:967,47.64,40
39914967,11:5:14:967,47.64,40
39914967,11:5:14:967,47.63,100
39914967,11:5:14:967,47.64,101
39914968,11:5:14:968,47.64,81
39914969,11:5:14:969,47.64,100
39914970,11:5:14:970,47.64,19
39914994,11:5:14:994,47.64,100
39915097,11:5:15:97,47.64,100
39916122,11:5:16:122,47.6418,100
39936725,11:5:36:725,47.63,2
39941345,11:5:41:345,47.63,108
39941346,11:5:41:346,47.63,100
39941346,11:5:41:346,47.63,200
39941346,11:5:41:346,47.63,100
39941346,11:5:41:346,47.63,100
39941346,11:5:41:346,47.63,100
39941347,11:5:41:347,47.63,100
39941347,11:5:41:347,47.63,100
39941360,11:5:41:360,47.63,26
39941360,11:5:41:360,47.63,100
39941473,11:5:41:473,47.63,100
39962007,11:6:2:7,47.63,200
39963019,11:6:3:19,47.62,133
39965808,11:6:5:808,47.62,100
39972877,11:6:12:877,47.62,10
39972879,11:6:12:879,47.6201,10
39981269,11:6:21:269,47.62,100
39981269,11:6:21:269,47.62,100
39981269,11:6:21:269,47.62,90
39995198,11:6:35:198,47.62,100
40005082,11:6:45:82,47.62,202
40005082,11:6:45:82,47.62,100
40005082,11:6:45:82,47.62,50
40021209,11:7:1:209,47.62,200
40042619,11:7:22:619,47.63,100
40050009,11:7:30:9,47.62,1
40071114,11:7:51:114,47.62,100
40086231,11:8:6:231,47.62,100
40086231,11:8:6:231,47.62,100
40086231,11:8:6:231,47.62,43
40086231,11:8:6:231,47.62,100
40086232,11:8:6:232,47.62,100
40087105,11:8:7:105,47.62,34
40087654,11:8:7:654,47.611,6
40090645,11:8:10:645,47.62,100
40098998,11:8:18:998,47.61,50
40144132,11:9:4:132,47.61,100
40144132,11:9:4:132,47.61,40
40144132,11:9:4:132,47.61,35
40144132,11:9:4:132,47.61,41
40144132,11:9:4:132,47.61,200
40144132,11:9:4:132,47.61,100
40144132,11:9:4:132,47.61,60
40144132,11:9:4:132,47.61,200
40144132,11:9:4:132,47.61,65
40144132,11:9:4:132,47.61,100
40144132,11:9:4:132,47.61,159
40147612,11:9:7:612,47.6,53
40147612,11:9:7:612,47.6,100
40147612,11:9:7:612,47.6,53
40147612,11:9:7:612,47.6,47
40147612,11:9:7:612,47.6,47
40147612,11:9:7:612,47.6,100
40147612,11:9:7:612,47.6,7
40147612,11:9:7:612,47.6,93
40147612,11:9:7:612,47.6,100
40147612,11:9:7:612,47.6,7
40147612,11:9:7:612,47.6,53
40147612,11:9:7:612,47.6,47
40147613,11:9:7:613,47.6,100
40147641,11:9:7:641,47.6,100
40147704,11:9:7:704,47.6,100
40147822,11:9:7:822,47.59,5
40147822,11:9:7:822,47.59,200
40147823,11:9:7:823,47.59,95
40147823,11:9:7:823,47.59,5
40147824,11:9:7:824,47.59,95
40147828,11:9:7:828,47.59,100
40147828,11:9:7:828,47.59,100
40173058,11:9:33:58,47.59,75
40174279,11:9:34:279,47.6,100
40174279,11:9:34:279,47.6,100
40174279,11:9:34:279,47.6,22
40174279,11:9:34:279,47.6,100
40174281,11:9:34:281,47.61,100
40174282,11:9:34:282,47.61,100
40174282,11:9:34:282,47.61,20
40174283,11:9:34:283,47.61,100
40174283,11:9:34:283,47.61,80
40174283,11:9:34:283,47.61,100
40180724,11:9:40:724,47.62,9
40180724,11:9:40:724,47.62,1
40186582,11:9:46:582,47.6201,59
40186751,11:9:46:751,47.64,1
40219229,11:10:19:229,47.62,100
40219230,11:10:19:230,47.62,100
40219230,11:10:19:230,47.62,100
40219243,11:10:19:243,47.62,100
40230602,11:10:30:602,47.62,100
40230602,11:10:30:602,47.63,100
40230602,11:10:30:602,47.63,700
40230602,11:10:30:602,47.63,562
40230602,11:10:30:602,47.63,438
40230602,11:10:30:602,47.63,100
40259490,11:10:59:490,47.64,9
40259490,11:10:59:490,47.64,91
40259507,11:10:59:507,47.63,100
40259507,11:10:59:507,47.63,100
40259507,11:10:59:507,47.63,100
40259531,11:10:59:531,47.625,100
40259532,11:10:59:532,47.62,200
40281597,11:11:21:597,47.61,100
40281597,11:11:21:597,47.61,60
40281597,11:11:21:597,47.61,40
40281671,11:11:21:671,47.61,100
40308408,11:11:48:408,47.59,1
40313619,11:11:53:619,47.62,100
40316015,11:11:56:15,47.62,100
40327378,11:12:7:378,47.62,100
40327384,11:12:7:384,47.62,200
40327384,11:12:7:384,47.62,300
40332909,11:12:12:909,47.61,100
40340058,11:12:20:58,47.61,5
40345243,11:12:25:243,47.61,1000
40345249,11:12:25:249,47.6,100
40345343,11:12:25:343,47.61,100
40345343,11:12:25:343,47.61,100
40345343,11:12:25:343,47.61,100
40345343,11:12:25:343,47.61,10
40345343,11:12:25:343,47.61,98
40371807,11:12:51:807,47.6,100
40379901,11:12:59:901,47.59,100
40379901,11:12:59:901,47.59,100
40379901,11:12:59:901,47.59,100
40379902,11:12:59:902,47.59,2
40379902,11:12:59:902,47.59,3
40379904,11:12:59:904,47.59,102
40379904,11:12:59:904,47.59,100
40379904,11:12:59:904,47.59,100
40379905,11:12:59:905,47.59,95
40379905,11:12:59:905,47.59,5
40379905,11:12:59:905,47.59,100
40379905,11:12:59:905,47.59,100
40379906,11:12:59:906,47.59,95
40424811,11:13:44:811,47.58,100
40424820,11:13:44:820,47.58,40
40430282,11:13:50:282,47.585,10000
40430284,11:13:50:284,47.58,100
40430285,11:13:50:285,47.58,100
40430285,11:13:50:285,47.58,200
40430285,11:13:50:285,47.58,14
40430285,11:13:50:285,47.58,86
40430285,11:13:50:285,47.58,14
40430286,11:13:50:286,47.57,10
40430286,11:13:50:286,47.58,100
40430286,11:13:50:286,47.575,86
40430286,11:13:50:286,47.57,100
40430286,11:13:50:286,47.57,100
40430286,11:13:50:286,47.57,100
40430288,11:13:50:288,47.57,100
40430288,11:13:50:288,47.57,100
40430289,11:13:50:289,47.57,100
40430293,11:13:50:293,47.57,100
40430293,11:13:50:293,47.57,100
40431690,11:13:51:690,47.56,100
40431690,11:13:51:690,47.56,100
40431690,11:13:51:690,47.56,100
40451618,11:14:11:618,47.56,200
40451618,11:14:11:618,47.56,200
40452610,11:14:12:610,47.57,500
40463083,11:14:23:83,47.56,100
40463084,11:14:23:84,47.56,100
40463084,11:14:23:84,47.56,100
40463084,11:14:23:84,47.56,37
40463084,11:14:23:84,47.56,100
40463085,11:14:23:85,47.56,63
40463145,11:14:23:145,47.555,100
40464378,11:14:24:378,47.55,100
40474417,11:14:34:417,47.56,100
40476382,11:14:36:382,47.55,100
40485323,11:14:45:323,47.55,60
40485323,11:14:45:323,47.54,40
40485329,11:14:45:329,47.54,100
40489186,11:14:49:186,47.55,100
40490755,11:14:50:755,47.545,200
40496012,11:14:56:12,47.54,20
40496012,11:14:56:12,47.54,40
40496116,11:14:56:116,47.54,49
40496161,11:14:56:161,47.54,100
40498695,11:14:58:695,47.54,100
40498695,11:14:58:695,47.54,106
40498695,11:14:58:695,47.54,100
40498695,11:14:58:695,47.54,100
40502647,11:15:2:647,47.54,100
40502647,11:15:2:647,47.54,40
40503960,11:15:3:960,47.54,100
40505079,11:15:5:79,47.54,100
40505079,11:15:5:79,47.54,100
40505079,11:15:5:79,47.54,100
40505080,11:15:5:80,47.54,100
40505080,11:15:5:80,47.54,100
40505283,11:15:5:283,47.55,100
40505327,11:15:5:327,47.55,81
40505337,11:15:5:337,47.55,100
40505590,11:15:5:590,47.55,100
40506691,11:15:6:691,47.55,1
40506692,11:15:6:692,47.55,100
40507029,11:15:7:29,47.56,100
40509796,11:15:9:796,47.54,300
40509799,11:15:9:799,47.54,100
40509799,11:15:9:799,47.54,100
40509799,11:15:9:799,47.54,100
40509799,11:15:9:799,47.54,100
40509808,11:15:9:808,47.54,100
40509809,11:15:9:809,47.54,100
40509812,11:15:9:812,47.54,100
40512630,11:15:12:630,47.54,100
40512630,11:15:12:630,47.54,92
40512630,11:15:12:630,47.54,100
40512630,11:15:12:630,47.54,23
40512630,11:15:12:630,47.54,23
40512630,11:15:12:630,47.54,100
40512630,11:15:12:630,47.54,208
40512630,11:15:12:630,47.54,100
40512630,11:15:12:630,47.54,60
40512631,11:15:12:631,47.54,77
40512631,11:15:12:631,47.54,200
40512631,11:15:12:631,47.54,308
40512631,11:15:12:631,47.54,200
40512631,11:15:12:631,47.54,100
40512631,11:15:12:631,47.54,77
40512631,11:15:12:631,47.54,192
40512631,11:15:12:631,47.54,100
40512631,11:15:12:631,47.54,308
40513090,11:15:13:90,47.55,10
40513090,11:15:13:90,47.55,10
40513090,11:15:13:90,47.55,80
40513090,11:15:13:90,47.54,32
40513090,11:15:13:90,47.55,20
40513091,11:15:13:91,47.55,100
40515481,11:15:15:481,47.53,100
40516909,11:15:16:909,47.53,100
40516909,11:15:16:909,47.53,396
40516909,11:15:16:909,47.53,100
40516943,11:15:16:943,47.53,4
40518612,11:15:18:612,47.54,200
40519249,11:15:19:249,47.54,200
40519250,11:15:19:250,47.54,100
40524193,11:15:24:193,47.52,100
40524193,11:15:24:193,47.52,100
40524193,11:15:24:193,47.52,100
40524762,11:15:24:762,47.53,300
40524862,11:15:24:862,47.53,300
40524916,11:15:24:916,47.535,200
40524926,11:15:24:926,47.53,100
40525004,11:15:25:4,47.53,1
40527584,11:15:27:584,47.53,100
40528905,11:15:28:905,47.53,100
40528918,11:15:28:918,47.54,100
40528971,11:15:28:971,47.53,100
40529541,11:15:29:541,47.53,100
40529665,11:15:29:665,47.52,100
40530483,11:15:30:483,47.53,100
40530614,11:15:30:614,47.53,100
40535378,11:15:35:378,47.535,5000
40535463,11:15:35:463,47.54,100
40535463,11:15:35:463,47.54,100
40535463,11:15:35:463,47.53,29
40535464,11:15:35:464,47.54,100
40535988,11:15:35:988,47.53,100
40537710,11:15:37:710,47.54,100
40537806,11:15:37:806,47.54,100
40537807,11:15:37:807,47.54,9
40538088,11:15:38:88,47.54,100
40538088,11:15:38:88,47.54,100
40538396,11:15:38:396,47.54,82
40538749,11:15:38:749,47.55,100
40539693,11:15:39:693,47.55,100
40540058,11:15:40:58,47.55,100
40541280,11:15:41:280,47.55,100
40541280,11:15:41:280,47.55,59
40543894,11:15:43:894,47.56,100
40543894,11:15:43:894,47.56,100
40543900,11:15:43:900,47.56,100
40546150,11:15:46:150,47.55,100
40546163,11:15:46:163,47.56,100
40548478,11:15:48:478,47.55,100
40548478,11:15:48:478,47.55,341
40548478,11:15:48:478,47.54,100
40548478,11:15:48:478,47.54,100
40548478,11:15:48:478,47.54,100
40548478,11:15:48:478,47.54,63
40548478,11:15:48:478,47.54,318
40548479,11:15:48:479,47.54,1
40548489,11:15:48:489,47.54,100
40548585,11:15:48:585,47.55,100
40549241,11:15:49:241,47.54,300
40566788,11:16:6:788,47.53,100
40566788,11:16:6:788,47.53,200
40566788,11:16:6:788,47.53,100
40566788,11:16:6:788,47.53,100
40566788,11:16:6:788,47.53,64
40566788,11:16:6:788,47.53,100
40566788,11:16:6:788,47.53,200
40566789,11:16:6:789,47.53,36
40566825,11:16:6:825,47.53,100
40567790,11:16:7:790,47.53,100
40568061,11:16:8:61,47.53,51
40568652,11:16:8:652,47.53,172
40572007,11:16:12:7,47.53,100
40572007,11:16:12:7,47.53,100
40572007,11:16:12:7,47.53,200
40572010,11:16:12:10,47.54,200
40572010,11:16:12:10,47.54,100
40572010,11:16:12:10,47.54,100
40572010,11:16:12:10,47.54,8
40572011,11:16:12:11,47.54,1
40572028,11:16:12:28,47.54,100
40572028,11:16:12:28,47.54,100
40572048,11:16:12:48,47.54,19
40574013,11:16:14:13,47.52,100
40574019,11:16:14:19,47.52,100
40574063,11:16:14:63,47.53,100
40574068,11:16:14:68,47.5205,100
40574272,11:16:14:272,47.52,100
40574480,11:16:14:480,47.52,100
40574489,11:16:14:489,47.52,300
40574498,11:16:14:498,47.52,100
40574590,11:16:14:590,47.52,100
40575008,11:16:15:8,47.53,100
40575012,11:16:15:12,47.5205,100
40575023,11:16:15:23,47.53,100
40575027,11:16:15:27,47.5205,100
40575048,11:16:15:48,47.53,100
40575052,11:16:15:52,47.5205,100
40575067,11:16:15:67,47.53,100
40575071,11:16:15:71,47.5205,100
40575072,11:16:15:72,47.52,200
40575072,11:16:15:72,47.53,200
40575072,11:16:15:72,47.52,100
40575072,11:16:15:72,47.52,100
40575072,11:16:15:72,47.53,72
40575072,11:16:15:72,47.52,100
40575072,11:16:15:72,47.53,28
40575073,11:16:15:73,47.52,100
40575351,11:16:15:351,47.52,200
40575351,11:16:15:351,47.52,100
40579833,11:16:19:833,47.54,100
40579849,11:16:19:849,47.54,100
40581818,11:16:21:818,47.54,100
40584323,11:16:24:323,47.54,100
40585403,11:16:25:403,47.54,100
40586344,11:16:26:344,47.54,100
40586345,11:16:26:345,47.54,5
40586345,11:16:26:345,47.54,9
40588781,11:16:28:781,47.55,100
40591277,11:16:31:277,47.54,300
40591279,11:16:31:279,47.54,100
40591279,11:16:31:279,47.54,100
40591279,11:16:31:279,47.54,100
40591279,11:16:31:279,47.54,100
40591279,11:16:31:279,47.54,100
40591281,11:16:31:281,47.53,200
40594930,11:16:34:930,47.53,5
40594930,11:16:34:930,47.53,600
40594930,11:16:34:930,47.53,150
40594931,11:16:34:931,47.53,400
40594931,11:16:34:931,47.53,50
40594931,11:16:34:931,47.53,36
40594931,11:16:34:931,47.53,300
40594932,11:16:34:932,47.53,100
40594936,11:16:34:936,47.53,100
40595501,11:16:35:501,47.53,200
40596768,11:16:36:768,47.54,100
40596768,11:16:36:768,47.54,100
40596768,11:16:36:768,47.54,200
40596769,11:16:36:769,47.53,63
40596769,11:16:36:769,47.53,1
40596769,11:16:36:769,47.54,100
40637809,11:17:17:809,47.54,100
40638501,11:17:18:501,47.54,100
40638502,11:17:18:502,47.54,100
40638502,11:17:18:502,47.54,100
40639049,11:17:19:49,47.54,100
40645873,11:17:25:873,47.54,100
40645873,11:17:25:873,47.54,40
40645873,11:17:25:873,47.54,200
40645873,11:17:25:873,47.54,100
40645874,11:17:25:874,47.54,100
40645874,11:17:25:874,47.54,100
40645874,11:17:25:874,47.54,200
40645874,11:17:25:874,47.54,100
40645874,11:17:25:874,47.54,100
40645874,11:17:25:874,47.54,100
40645874,11:17:25:874,47.54,100
40645874,11:17:25:874,47.54,100
40645875,11:17:25:875,47.54,100
40645875,11:17:25:875,47.54,100
40645875,11:17:25:875,47.54,200
40645876,11:17:25:876,47.54,100
40645881,11:17:25:881,47.54,100
40645883,11:17:25:883,47.54,200
40645975,11:17:25:975,47.54,200
40647407,11:17:27:407,47.54,9
40648531,11:17:28:531,47.545,100
40648531,11:17:28:531,47.55,300
40648531,11:17:28:531,47.55,100
40663892,11:17:43:892,47.55,100
40663892,11:17:43:892,47.55,100
40663892,11:17:43:892,47.55,100
40663892,11:17:43:892,47.55,189
40664041,11:17:44:41,47.55,100
40667743,11:17:47:743,47.55,100
40667983,11:17:47:983,47.54,100
40692617,11:18:12:617,47.55,100
40692619,11:18:12:619,47.55,300
40695973,11:18:15:973,47.55,100
40695973,11:18:15:973,47.55,100
40695973,11:18:15:973,47.55,100
40695973,11:18:15:973,47.55,100
40695973,11:18:15:973,47.55,200
40695973,11:18:15:973,47.55,100
40695975,11:18:15:975,47.55,1200
40695982,11:18:15:982,47.55,2300
40695990,11:18:15:990,47.55,100
40695991,11:18:15:991,47.55,100
40695991,11:18:15:991,47.55,200
40695991,11:18:15:991,47.55,100
40695992,11:18:15:992,47.55,100
40695992,11:18:15:992,47.55,100
40695992,11:18:15:992,47.55,100
40695992,11:18:15:992,47.54,100
40701247,11:18:21:247,47.55,100
40701264,11:18:21:264,47.55,100
40702882,11:18:22:882,47.55,100
40702882,11:18:22:882,47.55,600
40702882,11:18:22:882,47.55,100
40703294,11:18:23:294,47.55,100
40705956,11:18:25:956,47.55,100
40712025,11:18:32:25,47.55,100
40712025,11:18:32:25,47.55,200
40712025,11:18:32:25,47.55,100
40712026,11:18:32:26,47.55,100
40712026,11:18:32:26,47.55,100
40712031,11:18:32:31,47.55,100
40712130,11:18:32:130,47.545,100
40712137,11:18:32:137,47.55,100
40712146,11:18:32:146,47.55,100
40712592,11:18:32:592,47.55,81
40712592,11:18:32:592,47.55,10
40712592,11:18:32:592,47.55,200
40712592,11:18:32:592,47.55,9
40712592,11:18:32:592,47.55,100
40720991,11:18:40:991,47.54,100
40722672,11:18:42:672,47.54,100
40723135,11:18:43:135,47.54,100
40725646,11:18:45:646,47.54,100
40725651,11:18:45:651,47.54,30
40733105,11:18:53:105,47.53,100
40734559,11:18:54:559,47.53,100
40735522,11:18:55:522,47.53,100
40736341,11:18:56:341,47.53,100
40737545,11:18:57:545,47.53,200
40737545,11:18:57:545,47.52,100
40737546,11:18:57:546,47.53,100
40737546,11:18:57:546,47.53,100
40737546,11:18:57:546,47.53,100
40737546,11:18:57:546,47.53,100
40737547,11:18:57:547,47.52,100
40737548,11:18:57:548,47.52,200
40737548,11:18:57:548,47.53,100
40737548,11:18:57:548,47.52,100
40738398,11:18:58:398,47.52,100
40738527,11:18:58:527,47.52,100
40739441,11:18:59:441,47.52,100
40739565,11:18:59:565,47.52,100
40741415,11:19:1:415,47.52,100
40741525,11:19:1:525,47.52,100
40741957,11:19:1:957,47.52,100
40741964,11:19:1:964,47.53,100
40742086,11:19:2:86,47.52,100
40743623,11:19:3:623,47.52,100
40744742,11:19:4:742,47.52,100
40745319,11:19:5:319,47.52,100
40745321,11:19:5:321,47.525,100
40750895,11:19:10:895,47.52,200
40750895,11:19:10:895,47.52,100
40753977,11:19:13:977,47.52,100
40755420,11:19:15:420,47.52,100
40755421,11:19:15:421,47.52,100
40755422,11:19:15:422,47.52,100
40755946,11:19:15:946,47.51,200
40755947,11:19:15:947,47.52,100
40755947,11:19:15:947,47.52,70
40755947,11:19:15:947,47.52,30
40755947,11:19:15:947,47.52,70
40755947,11:19:15:947,47.52,30
40755948,11:19:15:948,47.51,200
40755949,11:19:15:949,47.51,100
40755949,11:19:15:949,47.51,100
40755949,11:19:15:949,47.51,100
40755949,11:19:15:949,47.51,100
40755949,11:19:15:949,47.51,70
40755950,11:19:15:950,47.525,100
40757114,11:19:17:114,47.52,100
40757114,11:19:17:114,47.52,9
40757114,11:19:17:114,47.52,100
40757221,11:19:17:221,47.52,100
40757339,11:19:17:339,47.51,100
40758938,11:19:18:938,47.51,100
40758947,11:19:18:947,47.51,100
40759775,11:19:19:775,47.51,100
40759902,11:19:19:902,47.51,100
40760122,11:19:20:122,47.52,100
40760122,11:19:20:122,47.52,100
40760155,11:19:20:155,47.51,39
40761264,11:19:21:264,47.51,100
40761264,11:19:21:264,47.51,100
40761264,11:19:21:264,47.51,100
40761271,11:19:21:271,47.51,300
40761924,11:19:21:924,47.51,100
40761924,11:19:21:924,47.51,100
40761931,11:19:21:931,47.51,400
40762703,11:19:22:703,47.51,600
40763744,11:19:23:744,47.5199,280
40766150,11:19:26:150,47.52,100
40766150,11:19:26:150,47.52,100
40767141,11:19:27:141,47.51,100
40767264,11:19:27:264,47.51,100
40768396,11:19:28:396,47.51,100
40768819,11:19:28:819,47.51,1
40768823,11:19:28:823,47.51,99
40769151,11:19:29:151,47.52,8
40769213,11:19:29:213,47.51,100
40769533,11:19:29:533,47.515,100
40770285,11:19:30:285,47.51,100
40770423,11:19:30:423,47.51,100
40770427,11:19:30:427,47.52,100
40771131,11:19:31:131,47.51,100
40771131,11:19:31:131,47.51,1
40771482,11:19:31:482,47.5,100
40772125,11:19:32:125,47.5,100
40772161,11:19:32:161,47.51,100
40772161,11:19:32:161,47.51,10
40772161,11:19:32:161,47.51,93
40774111,11:19:34:111,47.51,100
40774578,11:19:34:578,47.505,5000
40775616,11:19:35:616,47.51,100
40775624,11:19:35:624,47.51,100
40775629,11:19:35:629,47.52,81
40776537,11:19:36:537,47.5,100
40779902,11:19:39:902,47.49,100
40780022,11:19:40:22,47.49,100
40781214,11:19:41:214,47.49,100
40781215,11:19:41:215,47.49,100
40781215,11:19:41:215,47.49,100
40781215,11:19:41:215,47.49,200
40781215,11:19:41:215,47.49,100
40784357,11:19:44:357,47.49,100
40784357,11:19:44:357,47.49,100
40784357,11:19:44:357,47.49,99
40784358,11:19:44:358,47.49,1
40784358,11:19:44:358,47.49,9
40784383,11:19:44:383,47.5,100
40785507,11:19:45:507,47.49,100
40785507,11:19:45:507,47.49,91
40785507,11:19:45:507,47.49,99
40785507,11:19:45:507,47.49,10
40785507,11:19:45:507,47.49,152
40785825,11:19:45:825,47.49,100
40785916,11:19:45:916,47.5,100
40785987,11:19:45:987,47.48,100
40786192,11:19:46:192,47.49,100
40786192,11:19:46:192,47.49,200
40786427,11:19:46:427,47.5,100
40786427,11:19:46:427,47.495,100
40786427,11:19:46:427,47.5,900
40786427,11:19:46:427,47.5,100
40786427,11:19:46:427,47.495,100
40786427,11:19:46:427,47.5,100
40786427,11:19:46:427,47.5,100
40786427,11:19:46:427,47.5,100
40786427,11:19:46:427,47.5,100
40786427,11:19:46:427,47.495,100
40786428,11:19:46:428,47.5,9
40786428,11:19:46:428,47.5,100
40786428,11:19:46:428,47.5,91
40786428,11:19:46:428,47.5,9
40786835,11:19:46:835,47.5,100
40788920,11:19:48:920,47.5,100
40788938,11:19:48:938,47.51,100
40788938,11:19:48:938,47.51,100
40788938,11:19:48:938,47.51,100
40788938,11:19:48:938,47.51,700
40788938,11:19:48:938,47.51,100
40789004,11:19:49:4,47.51,100
40791488,11:19:51:488,47.51,100
40791949,11:19:51:949,47.5,100
40793636,11:19:53:636,47.51,100
40793656,11:19:53:656,47.52,100
40794352,11:19:54:352,47.51,100
40795191,11:19:55:191,47.51,100
40795784,11:19:55:784,47.51,100
40796275,11:19:56:275,47.51,100
40796513,11:19:56:513,47.51,100
40796762,11:19:56:762,47.505,100
40796857,11:19:56:857,47.5,400
40797240,11:19:57:240,47.5,17
40797320,11:19:57:320,47.49,100
40797792,11:19:57:792,47.491,100
40798788,11:19:58:788,47.49,600
40799219,11:19:59:219,47.5003,100
40799418,11:19:59:418,47.49,100
40799418,11:19:59:418,47.48,300
40799419,11:19:59:419,47.49,100
40799419,11:19:59:419,47.49,100
40799419,11:19:59:419,47.49,10
40799420,11:19:59:420,47.47,100
40799421,11:19:59:421,47.48,100
40799441,11:19:59:441,47.48,100
40800407,11:20:0:407,47.5,100
40800673,11:20:0:673,47.49,100
40801230,11:20:1:230,47.49,100
40801574,11:20:1:574,47.48,100
40801707,11:20:1:707,47.48,100
40804888,11:20:4:888,47.49,6800
40805814,11:20:5:814,47.48,100
40805814,11:20:5:814,47.48,100
40806836,11:20:6:836,47.49,6200
40807838,11:20:7:838,47.48,100
40810704,11:20:10:704,47.49,100
40810765,11:20:10:765,47.49,100
40810765,11:20:10:765,47.49,200
40810766,11:20:10:766,47.49,100
40815410,11:20:15:410,47.5,100
40816382,11:20:16:382,47.4935,526
40818588,11:20:18:588,47.5,100
40830207,11:20:30:207,47.5,200
40830403,11:20:30:403,47.49,100
40830403,11:20:30:403,47.5,1
40837821,11:20:37:821,47.5,200
40837822,11:20:37:822,47.5,100
40837822,11:20:37:822,47.5,100
40837823,11:20:37:823,47.51,100
40837824,11:20:37:824,47.51,100
40837824,11:20:37:824,47.51,100
40837824,11:20:37:824,47.51,5
40837824,11:20:37:824,47.51,9
40837824,11:20:37:824,47.51,100
40839031,11:20:39:31,47.54,100
40839032,11:20:39:32,47.54,500
40845119,11:20:45:119,47.525,200
40845120,11:20:45:120,47.525,100
40845149,11:20:45:149,47.525,200
40845201,11:20:45:201,47.525,100
40847734,11:20:47:734,47.54,100
40853818,11:20:53:818,47.54,100
40853852,11:20:53:852,47.54,100
40857688,11:20:57:688,47.5398,100
40857771,11:20:57:771,47.55,100
40859417,11:20:59:417,47.54,100
40859417,11:20:59:417,47.54,100
40859417,11:20:59:417,47.54,200
40859417,11:20:59:417,47.54,100
40859417,11:20:59:417,47.54,10
40862171,11:21:2:171,47.53,100
40865932,11:21:5:932,47.53,100
40865934,11:21:5:934,47.54,100
40868224,11:21:8:224,47.54,100
40868227,11:21:8:227,47.545,100
40870598,11:21:10:598,47.54,100
40870946,11:21:10:946,47.545,100
40873464,11:21:13:464,47.54,100
40874163,11:21:14:163,47.54,100
40874741,11:21:14:741,47.54,100
40875623,11:21:15:623,47.54,100
40876908,11:21:16:908,47.54,100
40877870,11:21:17:870,47.54,100
40879188,11:21:19:188,47.54,100
40880112,11:21:20:112,47.54,100
40880346,11:21:20:346,47.53,100
40880971,11:21:20:971,47.53,100
40882340,11:21:22:340,47.5499,100
40883911,11:21:23:911,47.54,100
40884213,11:21:24:213,47.54,100
40885942,11:21:25:942,47.53,100
40892989,11:21:32:989,47.53,100
40892989,11:21:32:989,47.53,100
40892989,11:21:32:989,47.53,100
40893106,11:21:33:106,47.53,100
40894143,11:21:34:143,47.535,100
40894144,11:21:34:144,47.53,100
40894150,11:21:34:150,47.53,100
40894394,11:21:34:394,47.53,100
40896692,11:21:36:692,47.53,200
40896693,11:21:36:693,47.53,100
40896695,11:21:36:695,47.53,100
40897694,11:21:37:694,47.53,100
40897695,11:21:37:695,47.53,300
40898339,11:21:38:339,47.53,10
40898696,11:21:38:696,47.53,100
40898696,11:21:38:696,47.53,1900
40898697,11:21:38:697,47.53,89
40898697,11:21:38:697,47.53,1
40900670,11:21:40:670,47.52,200
40900800,11:21:40:800,47.53,100
40902507,11:21:42:507,47.52,100
40902508,11:21:42:508,47.52,100
40902511,11:21:42:511,47.525,100
40902596,11:21:42:596,47.53,400
40902598,11:21:42:598,47.54,100
40904634,11:21:44:634,47.53,100
40904634,11:21:44:634,47.53,7
40904634,11:21:44:634,47.53,93
40906867,11:21:46:867,47.53,100
40907046,11:21:47:46,47.53,5000
40909991,11:21:49:991,47.54,100
40909991,11:21:49:991,47.54,100
40909991,11:21:49:991,47.54,100
40909991,11:21:49:991,47.54,100
40909991,11:21:49:991,47.54,105
40912151,11:21:52:151,47.54,100
40912152,11:21:52:152,47.55,100
40912152,11:21:52:152,47.55,100
40919163,11:21:59:163,47.55,100
40919300,11:21:59:300,47.54,100
40925785,11:22:5:785,47.55,1
40925787,11:22:5:787,47.55,100
40926006,11:22:6:6,47.55,100
40958666,11:22:38:666,47.55,15
40965526,11:22:45:526,47.55,100
40977867,11:22:57:867,47.54,300
40977867,11:22:57:867,47.54,100
40977867,11:22:57:867,47.54,100
40977867,11:22:57:867,47.54,200
40977867,11:22:57:867,47.54,600
40977867,11:22:57:867,47.54,100
40977867,11:22:57:867,47.54,100
40977867,11:22:57:867,47.54,100
40977867,11:22:57:867,47.54,100
40977867,11:22:57:867,47.54,40
40977867,11:22:57:867,47.54,72
40977868,11:22:57:868,47.54,200
40977868,11:22:57:868,47.53,100
40977870,11:22:57:870,47.55,100
40977871,11:22:57:871,47.54,100
40978305,11:22:58:305,47.54,100
40978305,11:22:58:305,47.54,25
40978305,11:22:58:305,47.54,100
40978307,11:22:58:307,47.55,100
40978308,11:22:58:308,47.55,100
40978316,11:22:58:316,47.54,100
40978318,11:22:58:318,47.55,100
40978327,11:22:58:327,47.54,100
40978329,11:22:58:329,47.54,100
40978868,11:22:58:868,47.54,100
40990684,11:23:10:684,47.53,100
41000792,11:23:20:792,47.54,100
41000793,11:23:20:793,47.54,9
41000793,11:23:20:793,47.54,91
41001447,11:23:21:447,47.54,100
41001452,11:23:21:452,47.54,100
41008624,11:23:28:624,47.54,100
41019905,11:23:39:905,47.54,100
41019926,11:23:39:926,47.54,100
41019926,11:23:39:926,47.54,100
41019927,11:23:39:927,47.54,8
41019927,11:23:39:927,47.54,100
41019927,11:23:39:927,47.54,100
41019929,11:23:39:929,47.545,100
41019929,11:23:39:929,47.54,100
41019929,11:23:39:929,47.54,100
41020944,11:23:40:944,47.53,200
41020944,11:23:40:944,47.53,100
41020945,11:23:40:945,47.53,200
41020945,11:23:40:945,47.53,100
41020945,11:23:40:945,47.53,200
41020945,11:23:40:945,47.53,500
41021644,11:23:41:644,47.53,100
41025966,11:23:45:966,47.53,20
41043274,11:24:3:274,47.53,100
41043278,11:24:3:278,47.53,27
41045144,11:24:5:144,47.53,100
41045636,11:24:5:636,47.53,50
41053879,11:24:13:879,47.54,9
41063784,11:24:23:784,47.54,100
41063784,11:24:23:784,47.54,100
41063784,11:24:23:784,47.54,200
41063784,11:24:23:784,47.54,100
41063784,11:24:23:784,47.54,100
41063784,11:24:23:784,47.54,5
41063787,11:24:23:787,47.54,2
41063787,11:24:23:787,47.54,98
41063787,11:24:23:787,47.54,2
