MsOfDay, Time,Price,Size
30033402,8:20:33:402,49.25,1253
33478212,9:17:58:212,49.25,16
34200004,9:30:0:4,48.9,100
34200006,9:30:0:6,49.15,100
34200006,9:30:0:6,48.91,100
34200006,9:30:0:6,48.86,200
34200047,9:30:0:47,48.86,100
34200047,9:30:0:47,48.86,100
34200093,9:30:0:93,48.9,100
34200093,9:30:0:93,48.9,100
34201004,9:30:1:4,48.77,24370
34201009,9:30:1:9,48.78,40
34201010,9:30:1:10,48.78,100
34201011,9:30:1:11,48.78,160
34201741,9:30:1:741,48.8,100
34201741,9:30:1:741,48.77,40
34201763,9:30:1:763,48.81,15
34202024,9:30:2:24,48.85,100
34202142,9:30:2:142,48.815,1058
34203420,9:30:3:420,48.82,24
34209583,9:30:9:583,48.83,61
34209863,9:30:9:863,48.85,100
34209863,9:30:9:863,48.78,100
34210719,9:30:10:719,48.78,100
34210721,9:30:10:721,48.78,100
34210965,9:30:10:965,48.77,3900
34213884,9:30:13:884,48.78,1
34213888,9:30:13:888,48.85,2
34215225,9:30:15:225,48.78,4
34216260,9:30:16:260,48.78,23
34216260,9:30:16:260,48.78,100
34216261,9:30:16:261,48.78,100
34216262,9:30:16:262,48.78,28
34216263,9:30:16:263,48.77,24
34216263,9:30:16:263,48.78,67
34216263,9:30:16:263,48.81,100
34216263,9:30:16:263,48.82,100
34216263,9:30:16:263,48.82,100
34216264,9:30:16:264,48.82,100
34216264,9:30:16:264,48.77,100
34216264,9:30:16:264,48.78,100
34216264,9:30:16:264,48.78,100
34216264,9:30:16:264,48.78,100
34216265,9:30:16:265,48.76,168
34216265,9:30:16:265,48.82,46
34216832,9:30:16:832,48.81,200
34216851,9:30:16:851,48.72,100
34217403,9:30:17:403,48.72,14
34220217,9:30:20:217,48.7999,2000
34220254,9:30:20:254,48.74,100
34226697,9:30:26:697,48.72,400
34226698,9:30:26:698,48.72,86
34226701,9:30:26:701,48.71,132
34226702,9:30:26:702,48.71,36
34226744,9:30:26:744,48.71,242
34226749,9:30:26:749,48.75,100
34226789,9:30:26:789,48.67,100
34227309,9:30:27:309,48.63,300
34227310,9:30:27:310,48.64,100
34227376,9:30:27:376,48.63,100
34229970,9:30:29:970,48.57,200
34229970,9:30:29:970,48.57,100
34229973,9:30:29:973,48.57,53
34230005,9:30:30:5,48.58,100
34230006,9:30:30:6,48.58,100
34230006,9:30:30:6,48.57,69
34230006,9:30:30:6,48.56,131
34232135,9:30:32:135,48.6637,100
34234264,9:30:34:264,48.69,100
34234264,9:30:34:264,48.69,100
34234264,9:30:34:264,48.69,100
34234264,9:30:34:264,48.69,100
34234264,9:30:34:264,48.69,100
34234266,9:30:34:266,48.72,300
34234266,9:30:34:266,48.72,100
34234266,9:30:34:266,48.72,100
34234266,9:30:34:266,48.73,28
34234266,9:30:34:266,48.73,272
34234266,9:30:34:266,48.73,200
34234276,9:30:34:276,48.7,100
34239620,9:30:39:620,48.6,100
34239620,9:30:39:620,48.57,200
34239622,9:30:39:622,48.57,500
34241077,9:30:41:77,48.66,100
34245915,9:30:45:915,48.55,100
34245915,9:30:45:915,48.56,14
34245915,9:30:45:915,48.59,100
34245915,9:30:45:915,48.55,150
34245915,9:30:45:915,48.55,100
34253551,9:30:53:551,48.67,71
34260577,9:31:0:577,48.67,100
34260578,9:31:0:578,48.67,100
34260578,9:31:0:578,48.67,300
34260578,9:31:0:578,48.67,300
34260578,9:31:0:578,48.67,100
34260578,9:31:0:578,48.67,300
34260578,9:31:0:578,48.67,100
34260578,9:31:0:578,48.67,200
34260578,9:31:0:578,48.68,1
34260578,9:31:0:578,48.69,43
34260579,9:31:0:579,48.69,57
34260579,9:31:0:579,48.69,100
34260579,9:31:0:579,48.69,43
34260579,9:31:0:579,48.67,100
34260579,9:31:0:579,48.69,57
34260579,9:31:0:579,48.67,100
34260579,9:31:0:579,48.68,57
34260579,9:31:0:579,48.69,100
34260579,9:31:0:579,48.68,43
34260579,9:31:0:579,48.68,57
34260579,9:31:0:579,48.68,100
34260579,9:31:0:579,48.68,100
34260579,9:31:0:579,48.68,43
34260579,9:31:0:579,48.66,100
34260579,9:31:0:579,48.66,149
34260579,9:31:0:579,48.66,51
34260579,9:31:0:579,48.66,49
34260579,9:31:0:579,48.66,7
34260579,9:31:0:579,48.66,44
34262764,9:31:2:764,48.67,100
34262764,9:31:2:764,48.67,100
34262764,9:31:2:764,48.67,100
34262765,9:31:2:765,48.67,118
34271636,9:31:11:636,48.71,4
34272052,9:31:12:52,48.6776,15
34280735,9:31:20:735,48.6703,22
34286448,9:31:26:448,48.62,100
34287883,9:31:27:883,48.62,800
34287883,9:31:27:883,48.62,71
34287883,9:31:27:883,48.62,329
34287883,9:31:27:883,48.62,71
34292852,9:31:32:852,48.61,29
34292852,9:31:32:852,48.61,200
34292852,9:31:32:852,48.61,100
34292852,9:31:32:852,48.61,71
34292853,9:31:32:853,48.57,100
34303486,9:31:43:486,48.54,100
34305697,9:31:45:697,48.55,900
34305697,9:31:45:697,48.55,100
34305698,9:31:45:698,48.54,100
34314678,9:31:54:678,48.5,100
34314681,9:31:54:681,48.5,400
34314682,9:31:54:682,48.5,100
34324351,9:32:4:351,48.56,11
34324357,9:32:4:357,48.65,26
34344535,9:32:24:535,48.5626,200
34348549,9:32:28:549,48.49,300
34348592,9:32:28:592,48.5,25
34348592,9:32:28:592,48.47,75
34352563,9:32:32:563,48.47,100
34362593,9:32:42:593,48.47,100
34370211,9:32:50:211,48.5325,35
34372886,9:32:52:886,48.53,200
34372887,9:32:52:887,48.53,400
34372887,9:32:52:887,48.53,600
34372937,9:32:52:937,48.49,100
34373252,9:32:53:252,48.49,7
34376637,9:32:56:637,48.49,100
34382978,9:33:2:978,48.51,100
34383026,9:33:3:26,48.46,100
34383026,9:33:3:26,48.46,100
34383026,9:33:3:26,48.46,84
34384194,9:33:4:194,48.475,26
34386420,9:33:6:420,48.47,48
34386424,9:33:6:424,48.48,100
34386424,9:33:6:424,48.48,52
34386425,9:33:6:425,48.48,48
34386425,9:33:6:425,48.48,100
34386426,9:33:6:426,48.48,43
34389660,9:33:9:660,48.49,21
34389660,9:33:9:660,48.49,100
34389660,9:33:9:660,48.49,179
34389661,9:33:9:661,48.49,100
34389661,9:33:9:661,48.49,100
34389666,9:33:9:666,48.5,100
34389666,9:33:9:666,48.5,100
34389666,9:33:9:666,48.5,43
34389666,9:33:9:666,48.5,100
34389666,9:33:9:666,48.5,157
34389666,9:33:9:666,48.5,57
34389669,9:33:9:669,48.5,100
34394356,9:33:14:356,48.49,200
34394356,9:33:14:356,48.48,136
34394356,9:33:14:356,48.48,150
34394356,9:33:14:356,48.48,150
34394356,9:33:14:356,48.49,100
34394356,9:33:14:356,48.49,300
34394356,9:33:14:356,48.48,200
34394403,9:33:14:403,48.48,100
34394527,9:33:14:527,48.48,364
34394564,9:33:14:564,48.46,100
34394894,9:33:14:894,48.46,100
34396809,9:33:16:809,48.46,100
34396879,9:33:16:879,48.45,200
34396879,9:33:16:879,48.45,100
34396879,9:33:16:879,48.45,300
34396879,9:33:16:879,48.45,100
34407932,9:33:27:932,48.44,100
34407932,9:33:27:932,48.44,100
34407932,9:33:27:932,48.44,100
34407932,9:33:27:932,48.44,100
34407932,9:33:27:932,48.44,100
34407932,9:33:27:932,48.44,100
34407933,9:33:27:933,48.44,60
34407933,9:33:27:933,48.43,100
34407986,9:33:27:986,48.44,44
34410151,9:33:30:151,48.42,100
34410152,9:33:30:152,48.41,71
34418203,9:33:38:203,48.43,2
34419281,9:33:39:281,48.38,30
34420914,9:33:40:914,48.38,100
34420914,9:33:40:914,48.38,94
34420914,9:33:40:914,48.38,100
34420914,9:33:40:914,48.38,6
34420914,9:33:40:914,48.38,94
34421604,9:33:41:604,48.38,6
34421605,9:33:41:605,48.36,300
34422221,9:33:42:221,48.3,2
34425420,9:33:45:420,48.28,100
34425462,9:33:45:462,48.27,100
34425487,9:33:45:487,48.28,125
34427075,9:33:47:75,48.369,102
34427145,9:33:47:145,48.3699,102
34433635,9:33:53:635,48.29,100
34433635,9:33:53:635,48.28,200
34433635,9:33:53:635,48.27,100
34433635,9:33:53:635,48.27,100
34433636,9:33:53:636,48.29,100
34433636,9:33:53:636,48.28,200
34433684,9:33:53:684,48.28,100
34433690,9:33:53:690,48.35,56
34433703,9:33:53:703,48.28,200
34442668,9:34:2:668,48.33,44
34442668,9:34:2:668,48.33,100
34442668,9:34:2:668,48.35,100
34442668,9:34:2:668,48.35,100
34442668,9:34:2:668,48.35,100
34442668,9:34:2:668,48.35,100
34442668,9:34:2:668,48.35,100
34442668,9:34:2:668,48.35,100
34442668,9:34:2:668,48.35,100
34442668,9:34:2:668,48.35,200
34442668,9:34:2:668,48.35,100
34442668,9:34:2:668,48.35,400
34442668,9:34:2:668,48.35,100
34442668,9:34:2:668,48.35,100
34442668,9:34:2:668,48.35,100
34442668,9:34:2:668,48.35,100
34442668,9:34:2:668,48.35,100
34442669,9:34:2:669,48.35,100
34442669,9:34:2:669,48.33,100
34442669,9:34:2:669,48.35,200
34442669,9:34:2:669,48.35,100
34442669,9:34:2:669,48.35,100
34442669,9:34:2:669,48.35,100
34442669,9:34:2:669,48.35,100
34442672,9:34:2:672,48.35,100
34442677,9:34:2:677,48.35,100
34442679,9:34:2:679,48.36,100
34442679,9:34:2:679,48.35,10
34442680,9:34:2:680,48.37,100
34442680,9:34:2:680,48.36,100
34442680,9:34:2:680,48.35,200
34442680,9:34:2:680,48.36,100
34442680,9:34:2:680,48.36,100
34442680,9:34:2:680,48.36,100
34442680,9:34:2:680,48.37,84
34442680,9:34:2:680,48.37,16
34442682,9:34:2:682,48.37,100
34442682,9:34:2:682,48.37,16
34442682,9:34:2:682,48.37,84
34442998,9:34:2:998,48.36,100
34444385,9:34:4:385,48.39,41
34444393,9:34:4:393,48.39,300
34446372,9:34:6:372,48.35,146
34446373,9:34:6:373,48.35,100
34446373,9:34:6:373,48.35,100
34446373,9:34:6:373,48.35,100
34446373,9:34:6:373,48.35,100
34494181,9:34:54:181,48.333,1000
34494219,9:34:54:219,48.29,100
34494303,9:34:54:303,48.29,200
34494609,9:34:54:609,48.35,100
34494609,9:34:54:609,48.36,54
34494609,9:34:54:609,48.36,146
34494609,9:34:54:609,48.36,7
34494609,9:34:54:609,48.36,100
34494610,9:34:54:610,48.36,93
34494610,9:34:54:610,48.36,200
34494610,9:34:54:610,48.35,12
34494610,9:34:54:610,48.35,7
34494610,9:34:54:610,48.36,100
34494610,9:34:54:610,48.35,81
34494610,9:34:54:610,48.36,100
34494610,9:34:54:610,48.36,100
34494610,9:34:54:610,48.37,100
34494610,9:34:54:610,48.38,12
34494611,9:34:54:611,48.39,24
34494611,9:34:54:611,48.39,53
34494612,9:34:54:612,48.41,50
34494612,9:34:54:612,48.41,50
34494612,9:34:54:612,48.41,100
34494612,9:34:54:612,48.41,100
34494612,9:34:54:612,48.41,100
34494612,9:34:54:612,48.41,100
34494613,9:34:54:613,48.4,100
34494779,9:34:54:779,48.38,100
34494779,9:34:54:779,48.38,100
34494783,9:34:54:783,48.38,100
34494786,9:34:54:786,48.41,100
34494794,9:34:54:794,48.38,100
34514110,9:35:14:110,48.45,12
34514403,9:35:14:403,48.38,100
34514404,9:35:14:404,48.38,100
34514404,9:35:14:404,48.38,591
34514404,9:35:14:404,48.38,300
34514404,9:35:14:404,48.38,100
34514404,9:35:14:404,48.38,100
34514404,9:35:14:404,48.38,150
34514404,9:35:14:404,48.38,150
34514405,9:35:14:405,48.38,150
34514405,9:35:14:405,48.38,500
34514405,9:35:14:405,48.38,59
34514406,9:35:14:406,48.36,100
34514406,9:35:14:406,48.36,100
34514406,9:35:14:406,48.36,100
34514406,9:35:14:406,48.36,105
34514406,9:35:14:406,48.36,427
34514407,9:35:14:407,48.36,100
34514407,9:35:14:407,48.37,100
34514407,9:35:14:407,48.37,100
34514407,9:35:14:407,48.37,100
34514407,9:35:14:407,48.37,40
34514407,9:35:14:407,48.36,100
34514407,9:35:14:407,48.37,100
34514407,9:35:14:407,48.37,100
34514407,9:35:14:407,48.37,100
34514407,9:35:14:407,48.36,100
34514408,9:35:14:408,48.35,73
34514652,9:35:14:652,48.33,4
34520541,9:35:20:541,48.34,100
34524917,9:35:24:917,48.34,600
34526590,9:35:26:590,48.34,300
34526590,9:35:26:590,48.34,100
34526591,9:35:26:591,48.34,85
34526591,9:35:26:591,48.34,100
34526592,9:35:26:592,48.34,100
34526594,9:35:26:594,48.34,1
34526596,9:35:26:596,48.34,99
34526596,9:35:26:596,48.34,100
34526596,9:35:26:596,48.34,100
34526596,9:35:26:596,48.34,100
34526596,9:35:26:596,48.34,1
34526597,9:35:26:597,48.34,100
34526597,9:35:26:597,48.33,1
34526857,9:35:26:857,48.36,200
34526857,9:35:26:857,48.36,100
34526857,9:35:26:857,48.36,100
34526858,9:35:26:858,48.36,200
34526858,9:35:26:858,48.36,100
34537050,9:35:37:50,48.37,100
34537053,9:35:37:53,48.37,100
34537053,9:35:37:53,48.37,100
34537053,9:35:37:53,48.37,100
34537053,9:35:37:53,48.33,100
34539027,9:35:39:27,48.32,99
34545103,9:35:45:103,48.32,100
34545103,9:35:45:103,48.32,100
34560579,9:36:0:579,48.34,200
34560579,9:36:0:579,48.34,100
34560581,9:36:0:581,48.33,100
34560581,9:36:0:581,48.33,100
34560581,9:36:0:581,48.33,100
34560614,9:36:0:614,48.33,99
34560615,9:36:0:615,48.33,100
34560617,9:36:0:617,48.34,1
34563735,9:36:3:735,48.32,81
34563744,9:36:3:744,48.32,600
34563761,9:36:3:761,48.35,100
34563762,9:36:3:762,48.35,101
34563762,9:36:3:762,48.35,100
34563762,9:36:3:762,48.35,100
34569482,9:36:9:482,48.36,100
34569483,9:36:9:483,48.36,200
34569483,9:36:9:483,48.36,100
34569754,9:36:9:754,48.37,100
34571004,9:36:11:4,48.38,300
34571006,9:36:11:6,48.38,100
34571007,9:36:11:7,48.38,100
34575434,9:36:15:434,48.3564,100
34598103,9:36:38:103,48.4,100
34599544,9:36:39:544,48.4,5
34599918,9:36:39:918,48.39,100
34599923,9:36:39:923,48.39,100
34605208,9:36:45:208,48.3861,200
34629191,9:37:9:191,48.38,6
34629191,9:37:9:191,48.39,100
34632334,9:37:12:334,48.36,39
34636757,9:37:16:757,48.38,100
34636757,9:37:16:757,48.39,100
34636757,9:37:16:757,48.38,100
34636760,9:37:16:760,48.37,100
34636760,9:37:16:760,48.37,200
34636760,9:37:16:760,48.37,100
34643162,9:37:23:162,48.38,1
34643162,9:37:23:162,48.39,199
34643162,9:37:23:162,48.39,1
34643176,9:37:23:176,48.4,100
34643176,9:37:23:176,48.4,100
34645680,9:37:25:680,48.41,100
34645681,9:37:25:681,48.41,100
34647947,9:37:27:947,48.45,6
34647947,9:37:27:947,48.45,94
34647947,9:37:27:947,48.45,1
34647952,9:37:27:952,48.46,52
34658298,9:37:38:298,48.41,200
34658299,9:37:38:299,48.41,100
34658301,9:37:38:301,48.435,100
34658303,9:37:38:303,48.41,100
34658303,9:37:38:303,48.41,100
34658304,9:37:38:304,48.41,100
34658304,9:37:38:304,48.41,100
34658304,9:37:38:304,48.41,100
34658307,9:37:38:307,48.41,200
34658307,9:37:38:307,48.41,100
34658308,9:37:38:308,48.46,200
34658309,9:37:38:309,48.41,100
34658328,9:37:38:328,48.46,100
34674323,9:37:54:323,48.45,100
34679976,9:37:59:976,48.435,500
34691087,9:38:11:87,48.42,100
34691528,9:38:11:528,48.42,100
34691528,9:38:11:528,48.42,54
34691528,9:38:11:528,48.42,46
34691528,9:38:11:528,48.42,400
34691528,9:38:11:528,48.42,104
34691529,9:38:11:529,48.42,196
34691529,9:38:11:529,48.43,100
34691530,9:38:11:530,48.41,1
34691530,9:38:11:530,48.41,100
34691530,9:38:11:530,48.4,100
34691531,9:38:11:531,48.4,100
34691531,9:38:11:531,48.41,100
34691531,9:38:11:531,48.41,100
34691531,9:38:11:531,48.4,100
34691532,9:38:11:532,48.41,100
34691532,9:38:11:532,48.41,100
34691534,9:38:11:534,48.41,100
34691534,9:38:11:534,48.41,100
34691538,9:38:11:538,48.4,100
34691545,9:38:11:545,48.42,100
34691545,9:38:11:545,48.42,1
34691545,9:38:11:545,48.42,100
34691549,9:38:11:549,48.43,100
34691550,9:38:11:550,48.42,100
34691555,9:38:11:555,48.41,99
34691557,9:38:11:557,48.43,100
34691805,9:38:11:805,48.44,100
34691809,9:38:11:809,48.43,200
34691825,9:38:11:825,48.44,100
34691857,9:38:11:857,48.42,60
34693052,9:38:13:52,48.41,100
34693053,9:38:13:53,48.41,100
34693053,9:38:13:53,48.41,100
34697697,9:38:17:697,48.44,100
34697697,9:38:17:697,48.44,100
34697700,9:38:17:700,48.45,100
34697704,9:38:17:704,48.45,100
34697704,9:38:17:704,48.45,100
34697724,9:38:17:724,48.44,100
34698104,9:38:18:104,48.44,200
34698113,9:38:18:113,48.44,100
34698403,9:38:18:403,48.44,100
34698407,9:38:18:407,48.44,100
34698429,9:38:18:429,48.44,200
34698703,9:38:18:703,48.44,100
34698753,9:38:18:753,48.44,200
34698756,9:38:18:756,48.44,100
34699003,9:38:19:3,48.44,174
34699403,9:38:19:403,48.43,100
34700733,9:38:20:733,48.4101,66
34704591,9:38:24:591,48.41,300
34706101,9:38:26:101,48.41,100
34706102,9:38:26:102,48.41,200
34706102,9:38:26:102,48.41,200
34706102,9:38:26:102,48.41,25
34706102,9:38:26:102,48.41,275
34706102,9:38:26:102,48.41,200
34706103,9:38:26:103,48.41,75
34706105,9:38:26:105,48.4,100
34706108,9:38:26:108,48.41,200
34706116,9:38:26:116,48.41,100
34707262,9:38:27:262,48.43,100
34707262,9:38:27:262,48.43,100
34708895,9:38:28:895,48.44,100
34710355,9:38:30:355,48.41,100
34714699,9:38:34:699,48.42,148
34714699,9:38:34:699,48.42,52
34714821,9:38:34:821,48.41,50
34714821,9:38:34:821,48.41,50
34721571,9:38:41:571,48.4,200
34721572,9:38:41:572,48.4,100
34721572,9:38:41:572,48.4,100
34721572,9:38:41:572,48.4,100
34721572,9:38:41:572,48.4,100
34721573,9:38:41:573,48.4,152
34721590,9:38:41:590,48.42,100
34721594,9:38:41:594,48.4,100
34721594,9:38:41:594,48.4,100
34721597,9:38:41:597,48.39,100
34721600,9:38:41:600,48.42,100
34721628,9:38:41:628,48.4,100
34721629,9:38:41:629,48.42,1
34721629,9:38:41:629,48.42,100
34721631,9:38:41:631,48.42,99
34721631,9:38:41:631,48.42,100
34721631,9:38:41:631,48.42,1
34721634,9:38:41:634,48.42,100
34721634,9:38:41:634,48.42,29
34721634,9:38:41:634,48.42,71
34723492,9:38:43:492,48.41,1
34724613,9:38:44:613,48.42,300
34724613,9:38:44:613,48.42,100
34724613,9:38:44:613,48.42,200
34724635,9:38:44:635,48.41,100
34726889,9:38:46:889,48.4399,50
34739632,9:38:59:632,48.44,300
34739632,9:38:59:632,48.44,50
34739632,9:38:59:632,48.44,100
34739632,9:38:59:632,48.44,50
34739632,9:38:59:632,48.44,100
34739632,9:38:59:632,48.44,100
34739632,9:38:59:632,48.44,94
34739632,9:38:59:632,48.44,6
34739632,9:38:59:632,48.43,100
34739633,9:38:59:633,48.45,44
34739634,9:38:59:634,48.425,100
34739634,9:38:59:634,48.45,16
34739641,9:38:59:641,48.43,100
34739654,9:38:59:654,48.45,74
34747660,9:39:7:660,48.435,100
34751322,9:39:11:322,48.42,100
34751368,9:39:11:368,48.44,100
34751369,9:39:11:369,48.43,100
34751370,9:39:11:370,48.42,100
34751371,9:39:11:371,48.44,100
34751371,9:39:11:371,48.44,100
34751385,9:39:11:385,48.43,100
34751387,9:39:11:387,48.44,100
34753993,9:39:13:993,48.42,100
34753993,9:39:13:993,48.42,100
34753993,9:39:13:993,48.42,100
34754448,9:39:14:448,48.41,100
34754453,9:39:14:453,48.42,100
34754454,9:39:14:454,48.42,100
34757970,9:39:17:970,48.43,6
34758175,9:39:18:175,48.43,10
34760327,9:39:20:327,48.41,100
34760408,9:39:20:408,48.4,100
34765382,9:39:25:382,48.39,20
34795450,9:39:55:450,48.41,100
34795450,9:39:55:450,48.41,100
34795450,9:39:55:450,48.41,200
34795451,9:39:55:451,48.405,100
34795471,9:39:55:471,48.41,100
34795495,9:39:55:495,48.4,100
34795837,9:39:55:837,48.41,1
34801423,9:40:1:423,48.4,100
34801423,9:40:1:423,48.4,200
34801423,9:40:1:423,48.4,100
34801423,9:40:1:423,48.4,100
34801426,9:40:1:426,48.4,100
34801428,9:40:1:428,48.4,100
34801442,9:40:1:442,48.395,100
34801812,9:40:1:812,48.4,100
34801813,9:40:1:813,48.4,1
34801813,9:40:1:813,48.4,26
34801817,9:40:1:817,48.4,100
34801817,9:40:1:817,48.4,100
34802089,9:40:2:89,48.385,100
34802520,9:40:2:520,48.38,100
34802521,9:40:2:521,48.38,56
34802521,9:40:2:521,48.38,44
34802522,9:40:2:522,48.37,75
34802623,9:40:2:623,48.37,25
34803953,9:40:3:953,48.36,49
34803953,9:40:3:953,48.36,51
34804002,9:40:4:2,48.36,100
34807529,9:40:7:529,48.34,100
34807529,9:40:7:529,48.34,100
34807529,9:40:7:529,48.34,100
34807532,9:40:7:532,48.33,100
34808312,9:40:8:312,48.31,1
34811843,9:40:11:843,48.31,99
34811844,9:40:11:844,48.3,100
34811855,9:40:11:855,48.3,4
34816214,9:40:16:214,48.3,100
34816214,9:40:16:214,48.3,200
34816214,9:40:16:214,48.3,100
34816215,9:40:16:215,48.3,100
34816215,9:40:16:215,48.3,100
34816215,9:40:16:215,48.3,100
34816219,9:40:16:219,48.3,100
34817086,9:40:17:86,48.29,100
34820528,9:40:20:528,48.29,100
34820528,9:40:20:528,48.29,100
34820528,9:40:20:528,48.29,100
34820532,9:40:20:532,48.29,62
34820532,9:40:20:532,48.29,38
34820535,9:40:20:535,48.3,200
34820578,9:40:20:578,48.3,51
34820579,9:40:20:579,48.3,49
34820579,9:40:20:579,48.3,51
34820579,9:40:20:579,48.3,51
34820579,9:40:20:579,48.3,49
34820611,9:40:20:611,48.3,10
34820620,9:40:20:620,48.3,100
34820622,9:40:20:622,48.3,49
34820622,9:40:20:622,48.3,100
34820622,9:40:20:622,48.3,200
34820622,9:40:20:622,48.3,10
34820633,9:40:20:633,48.31,200
34820640,9:40:20:640,48.31,100
34821525,9:40:21:525,48.32,2
34823924,9:40:23:924,48.29,392
34823924,9:40:23:924,48.29,400
34823924,9:40:23:924,48.29,400
34823924,9:40:23:924,48.29,400
34823924,9:40:23:924,48.29,200
34823924,9:40:23:924,48.29,100
34823924,9:40:23:924,48.29,300
34823924,9:40:23:924,48.29,100
34823925,9:40:23:925,48.29,8
34823925,9:40:23:925,48.305,100
34823926,9:40:23:926,48.28,1
34824046,9:40:24:46,48.3,100
34824603,9:40:24:603,48.29,100
34824604,9:40:24:604,48.29,100
34824605,9:40:24:605,48.28,60
34824605,9:40:24:605,48.28,100
34824739,9:40:24:739,48.29,100
34827840,9:40:27:840,48.29,100
34829702,9:40:29:702,48.28,100
34829709,9:40:29:709,48.29,100
34829723,9:40:29:723,48.29,100
34829725,9:40:29:725,48.29,100
34829727,9:40:29:727,48.29,100
34831877,9:40:31:877,48.284,1
34839616,9:40:39:616,48.27,100
34839616,9:40:39:616,48.27,63
34839617,9:40:39:617,48.27,37
34839781,9:40:39:781,48.25,100
34839815,9:40:39:815,48.25,300
34839957,9:40:39:957,48.26,63
34840551,9:40:40:551,48.28,2
34841873,9:40:41:873,48.26,137
34842185,9:40:42:185,48.27,26
34842185,9:40:42:185,48.27,100
34842372,9:40:42:372,48.28,100
34842372,9:40:42:372,48.28,100
34842372,9:40:42:372,48.28,100
34842372,9:40:42:372,48.28,298
34842372,9:40:42:372,48.28,76
34842373,9:40:42:373,48.28,24
34845396,9:40:45:396,48.26,100
34849684,9:40:49:684,48.29,8
34849684,9:40:49:684,48.29,92
34849684,9:40:49:684,48.29,200
34856894,9:40:56:894,48.28,100
34856934,9:40:56:934,48.285,100
34858979,9:40:58:979,48.285,100
34862354,9:41:2:354,48.29,17
34862354,9:41:2:354,48.29,200
34862354,9:41:2:354,48.3,8
34862354,9:41:2:354,48.3,100
34862354,9:41:2:354,48.3,25
34862354,9:41:2:354,48.3,75
34862354,9:41:2:354,48.3,17
34862354,9:41:2:354,48.3,100
34862354,9:41:2:354,48.3,100
34862354,9:41:2:354,48.3,75
34862354,9:41:2:354,48.3,25
34862355,9:41:2:355,48.3,175
34862355,9:41:2:355,48.3,100
34862355,9:41:2:355,48.29,100
34862355,9:41:2:355,48.29,100
34862691,9:41:2:691,48.31,22
34864384,9:41:4:384,48.29,300
34864384,9:41:4:384,48.29,700
34864410,9:41:4:410,48.3,100
34864411,9:41:4:411,48.3,100
34864436,9:41:4:436,48.27,100
34873517,9:41:13:517,48.3,116
34873517,9:41:13:517,48.3,184
34873525,9:41:13:525,48.285,200
34873535,9:41:13:535,48.3,100
34873536,9:41:13:536,48.3,100
34873536,9:41:13:536,48.3,100
34873536,9:41:13:536,48.3,100
34873536,9:41:13:536,48.3,100
34876342,9:41:16:342,48.31,100
34879367,9:41:19:367,48.32,200
34879368,9:41:19:368,48.32,10
34879368,9:41:19:368,48.32,200
34879368,9:41:19:368,48.32,90
34879368,9:41:19:368,48.32,1
34879369,9:41:19:369,48.33,83
34879369,9:41:19:369,48.33,17
34879369,9:41:19:369,48.33,100
34879403,9:41:19:403,48.34,100
34879901,9:41:19:901,48.36,100
34879931,9:41:19:931,48.34,100
34883797,9:41:23:797,48.3101,100
34885685,9:41:25:685,48.35,24
34886700,9:41:26:700,48.35,76
34886700,9:41:26:700,48.35,24
34886701,9:41:26:701,48.35,76
34891730,9:41:31:730,48.36,68
34891730,9:41:31:730,48.36,7
34891730,9:41:31:730,48.36,100
34905830,9:41:45:830,48.37,100
34905831,9:41:45:831,48.37,11
34916471,9:41:56:471,48.365,100
34916471,9:41:56:471,48.35,100
34916471,9:41:56:471,48.365,100
34916471,9:41:56:471,48.35,200
34916471,9:41:56:471,48.35,100
34916472,9:41:56:472,48.365,100
34916472,9:41:56:472,48.365,100
34916529,9:41:56:529,48.36,100
34918765,9:41:58:765,48.37,100
34918930,9:41:58:930,48.37,100
34919022,9:41:59:22,48.37,100
34919022,9:41:59:22,48.37,100
34919022,9:41:59:22,48.37,60
34919025,9:41:59:25,48.36,100
34919027,9:41:59:27,48.36,7
34923300,9:42:3:300,48.35,100
34923300,9:42:3:300,48.35,100
34923300,9:42:3:300,48.355,100
34923300,9:42:3:300,48.3525,100
34923301,9:42:3:301,48.34,100
34930333,9:42:10:333,48.34,100
34930333,9:42:10:333,48.34,100
34930333,9:42:10:333,48.34,300
34930333,9:42:10:333,48.34,100
34932295,9:42:12:295,48.35,100
34936367,9:42:16:367,48.34,200
34939870,9:42:19:870,48.35,1
34944136,9:42:24:136,48.35,53
34944152,9:42:24:152,48.35,100
34945330,9:42:25:330,48.32,100
34945330,9:42:25:330,48.32,372
34945330,9:42:25:330,48.31,12
34945330,9:42:25:330,48.34,100
34945330,9:42:25:330,48.31,100
34945330,9:42:25:330,48.34,100
34945330,9:42:25:330,48.31,88
34945330,9:42:25:330,48.32,100
34945330,9:42:25:330,48.34,100
34946268,9:42:26:268,48.31,300
34946268,9:42:26:268,48.31,100
34946268,9:42:26:268,48.31,100
34946269,9:42:26:269,48.31,100
34946269,9:42:26:269,48.31,100
34946269,9:42:26:269,48.31,100
34946269,9:42:26:269,48.325,100
34949271,9:42:29:271,48.315,100
34955341,9:42:35:341,48.31,23
34955351,9:42:35:351,48.31,100
34955360,9:42:35:360,48.31,18
34955361,9:42:35:361,48.31,100
34955362,9:42:35:362,48.31,82
34968241,9:42:48:241,48.31,82
34968241,9:42:48:241,48.31,18
34968241,9:42:48:241,48.31,82
34968241,9:42:48:241,48.31,100
34968241,9:42:48:241,48.31,118
34968241,9:42:48:241,48.31,1
34968241,9:42:48:241,48.31,48
34968241,9:42:48:241,48.31,52
34968241,9:42:48:241,48.31,110
34968241,9:42:48:241,48.31,30
34968241,9:42:48:241,48.31,48
34968242,9:42:48:242,48.31,2
34968242,9:42:48:242,48.31,52
34968242,9:42:48:242,48.31,100
34968242,9:42:48:242,48.31,100
34968242,9:42:48:242,48.31,100
34968243,9:42:48:243,48.32,200
34968246,9:42:48:246,48.305,100
34968247,9:42:48:247,48.31,100
34968250,9:42:48:250,48.31,100
34968437,9:42:48:437,48.3,100
34968438,9:42:48:438,48.31,100
34968447,9:42:48:447,48.295,100
34968448,9:42:48:448,48.29,100
34968453,9:42:48:453,48.3,100
34970552,9:42:50:552,48.32,100
34973051,9:42:53:51,48.34,400
34979212,9:42:59:212,48.34,100
34985416,9:43:5:416,48.32,11
35009033,9:43:29:33,48.31,100
35010747,9:43:30:747,48.33,2
35010748,9:43:30:748,48.33,100
35010748,9:43:30:748,48.33,54
35010748,9:43:30:748,48.33,46
35013117,9:43:33:117,48.32,100
35013119,9:43:33:119,48.33,100
35018404,9:43:38:404,48.31,400
35018404,9:43:38:404,48.31,100
35018405,9:43:38:405,48.3,100
35018405,9:43:38:405,48.3,100
35018405,9:43:38:405,48.3,100
35019397,9:43:39:397,48.3,100
35019397,9:43:39:397,48.3,100
35027967,9:43:47:967,48.3,200
35040009,9:44:0:9,48.285,100
35040028,9:44:0:28,48.29,100
35040338,9:44:0:338,48.29,100
35045542,9:44:5:542,48.3,77
35046717,9:44:6:717,48.285,100
35051455,9:44:11:455,48.29,300
35059502,9:44:19:502,48.29,100
35067750,9:44:27:750,48.27,100
35067753,9:44:27:753,48.28,60
35070337,9:44:30:337,48.29,100
35082994,9:44:42:994,48.285,100
35083220,9:44:43:220,48.29,100
35084326,9:44:44:326,48.28,100
35085970,9:44:45:970,48.29,100
35085974,9:44:45:974,48.28,100
35087461,9:44:47:461,48.29,100
35087461,9:44:47:461,48.29,200
35087634,9:44:47:634,48.2899,50
35088610,9:44:48:610,48.28,100
35090025,9:44:50:25,48.29,100
35090186,9:44:50:186,48.28,100
35090186,9:44:50:186,48.28,100
35091691,9:44:51:691,48.28,100
35092296,9:44:52:296,48.28,100
35093355,9:44:53:355,48.27,100
35095529,9:44:55:529,48.28,100
35096432,9:44:56:432,48.29,100
35096436,9:44:56:436,48.285,100
35096459,9:44:56:459,48.29,100
35096664,9:44:56:664,48.29,100
35096665,9:44:56:665,48.29,100
35097025,9:44:57:25,48.29,100
35097025,9:44:57:25,48.29,100
35099164,9:44:59:164,48.29,200
35099164,9:44:59:164,48.28,100
35099432,9:44:59:432,48.3,100
35100081,9:45:0:81,48.28,21
35101124,9:45:1:124,48.28,200
35101124,9:45:1:124,48.28,79
35101125,9:45:1:125,48.29,100
35101126,9:45:1:126,48.29,121
35101130,9:45:1:130,48.29,100
35101130,9:45:1:130,48.29,100
35101166,9:45:1:166,48.28,100
35101166,9:45:1:166,48.28,100
35101168,9:45:1:168,48.29,100
35101178,9:45:1:178,48.29,23
35101242,9:45:1:242,48.29,100
35101249,9:45:1:249,48.29,100
35102905,9:45:2:905,48.285,100
35106404,9:45:6:404,48.28,100
35106707,9:45:6:707,48.285,100
35107801,9:45:7:801,48.28,100
35107884,9:45:7:884,48.28,100
35107885,9:45:7:885,48.28,100
35107885,9:45:7:885,48.285,100
35107885,9:45:7:885,48.28,72
35107885,9:45:7:885,48.285,72
35107885,9:45:7:885,48.28,100
35107886,9:45:7:886,48.28,100
35107886,9:45:7:886,48.28,100
35107887,9:45:7:887,48.28,100
35107888,9:45:7:888,48.28,100
35107889,9:45:7:889,48.2825,100
35107889,9:45:7:889,48.285,100
35107889,9:45:7:889,48.28,100
35107889,9:45:7:889,48.28,100
35107893,9:45:7:893,48.28,100
35107897,9:45:7:897,48.28,100
35107897,9:45:7:897,48.28,100
35107903,9:45:7:903,48.28,100
35109417,9:45:9:417,48.29,100
35109417,9:45:9:417,48.29,300
35109417,9:45:9:417,48.29,16
35109417,9:45:9:417,48.29,84
35109418,9:45:9:418,48.28,100
35109418,9:45:9:418,48.29,100
35109418,9:45:9:418,48.29,100
35109490,9:45:9:490,48.3,32
35109511,9:45:9:511,48.3,68
35109512,9:45:9:512,48.3,32
35110807,9:45:10:807,48.3,100
35110807,9:45:10:807,48.3,68
35110808,9:45:10:808,48.3,100
35110808,9:45:10:808,48.3,100
35111487,9:45:11:487,48.3,100
35114468,9:45:14:468,48.3,115
35121219,9:45:21:219,48.31,100
35121219,9:45:21:219,48.31,13
35121221,9:45:21:221,48.32,100
35121388,9:45:21:388,48.32,85
35121388,9:45:21:388,48.32,15
35123434,9:45:23:434,48.33,100
35123442,9:45:23:442,48.33,200
35123945,9:45:23:945,48.31,100
35123956,9:45:23:956,48.33,100
35124487,9:45:24:487,48.32,100
35126622,9:45:26:622,48.305,100
35135718,9:45:35:718,48.3,100
35136482,9:45:36:482,48.315,100
35142825,9:45:42:825,48.3,100
35143275,9:45:43:275,48.31,8
35145557,9:45:45:557,48.31,100
35145558,9:45:45:558,48.31,100
35145559,9:45:45:559,48.31,100
35145559,9:45:45:559,48.31,100
35146911,9:45:46:911,48.31,100
35148194,9:45:48:194,48.305,100
35148195,9:45:48:195,48.3,300
35148202,9:45:48:202,48.3,100
35148402,9:45:48:402,48.3,200
35148408,9:45:48:408,48.3,3
35148412,9:45:48:412,48.3,97
35148412,9:45:48:412,48.3,3
35150438,9:45:50:438,48.31,100
35152784,9:45:52:784,48.31,100
35152784,9:45:52:784,48.31,100
35153484,9:45:53:484,48.32,100
35160911,9:46:0:911,48.32,52
35160911,9:46:0:911,48.32,48
35160911,9:46:0:911,48.32,100
35160911,9:46:0:911,48.32,100
35162508,9:46:2:508,48.33,100
35163086,9:46:3:86,48.33,100
35163086,9:46:3:86,48.33,3
35163086,9:46:3:86,48.33,100
35163086,9:46:3:86,48.33,63
35163086,9:46:3:86,48.33,37
35163093,9:46:3:93,48.33,100
35163432,9:46:3:432,48.34,22
35165491,9:46:5:491,48.34,100
35165491,9:46:5:491,48.34,100
35165492,9:46:5:492,48.34,82
35165492,9:46:5:492,48.34,7
35165492,9:46:5:492,48.34,11
35165492,9:46:5:492,48.35,100
35171114,9:46:11:114,48.35,100
35175805,9:46:15:805,48.35,100
35175806,9:46:15:806,48.35,100
35175806,9:46:15:806,48.35,100
35177520,9:46:17:520,48.36,100
35177523,9:46:17:523,48.36,100
35177526,9:46:17:526,48.36,2
35177526,9:46:17:526,48.36,61
35177526,9:46:17:526,48.36,39
35177526,9:46:17:526,48.36,100
35177529,9:46:17:529,48.37,100
35182054,9:46:22:54,48.37,22
35182054,9:46:22:54,48.37,66
35182054,9:46:22:54,48.37,134
35182055,9:46:22:55,48.37,100
35183503,9:46:23:503,48.38,100
35184640,9:46:24:640,48.39,1
35189227,9:46:29:227,48.36,100
35189230,9:46:29:230,48.36,100
35192986,9:46:32:986,48.372,34
35200643,9:46:40:643,48.37,100
35200643,9:46:40:643,48.37,100
35200643,9:46:40:643,48.37,7
35200656,9:46:40:656,48.37,100
35200656,9:46:40:656,48.37,100
35200656,9:46:40:656,48.37,100
35200656,9:46:40:656,48.37,100
35200656,9:46:40:656,48.37,100
35200657,9:46:40:657,48.37,100
35204462,9:46:44:462,48.37,100
35204494,9:46:44:494,48.37,100
35204495,9:46:44:495,48.37,10
35204495,9:46:44:495,48.37,100
35204495,9:46:44:495,48.37,100
35204495,9:46:44:495,48.37,100
35204495,9:46:44:495,48.37,100
35204495,9:46:44:495,48.37,100
35219023,9:46:59:23,48.38,100
35219023,9:46:59:23,48.38,45
35219024,9:46:59:24,48.38,100
35219024,9:46:59:24,48.38,100
35219024,9:46:59:24,48.38,55
35221278,9:47:1:278,48.39,18
35221279,9:47:1:279,48.39,82
35221279,9:47:1:279,48.39,18
35221280,9:47:1:280,48.39,100
35221280,9:47:1:280,48.39,116
35221280,9:47:1:280,48.39,84
35221280,9:47:1:280,48.38,100
35221280,9:47:1:280,48.39,34
35221280,9:47:1:280,48.39,66
35221294,9:47:1:294,48.4,100
35222451,9:47:2:451,48.41,100
35222471,9:47:2:471,48.41,100
35222488,9:47:2:488,48.41,100
35222878,9:47:2:878,48.42,100
35224564,9:47:4:564,48.43,100
35225345,9:47:5:345,48.44,100
35225345,9:47:5:345,48.44,100
35227018,9:47:7:18,48.45,12
35227018,9:47:7:18,48.45,88
35227018,9:47:7:18,48.45,12
35227019,9:47:7:19,48.46,100
35227869,9:47:7:869,48.47,100
35228471,9:47:8:471,48.48,100
35234996,9:47:14:996,48.47,1000
35234997,9:47:14:997,48.46,100
35235157,9:47:15:157,48.46,300
35235168,9:47:15:168,48.46,100
35235169,9:47:15:169,48.45,200
35239405,9:47:19:405,48.44,100
35239405,9:47:19:405,48.44,100
35239405,9:47:19:405,48.44,100
35239405,9:47:19:405,48.44,100
35239405,9:47:19:405,48.45,100
35239405,9:47:19:405,48.44,200
35239406,9:47:19:406,48.45,200
35239406,9:47:19:406,48.44,100
35239408,9:47:19:408,48.44,100
35239410,9:47:19:410,48.44,100
35239411,9:47:19:411,48.44,100
35239436,9:47:19:436,48.4418,200
35239826,9:47:19:826,48.45,98
35239826,9:47:19:826,48.45,100
35239827,9:47:19:827,48.45,2
35239836,9:47:19:836,48.45,100
35239974,9:47:19:974,48.45,5
35241080,9:47:21:80,48.47,100
35243458,9:47:23:458,48.48,100
35243459,9:47:23:459,48.48,100
35243462,9:47:23:462,48.48,100
35243466,9:47:23:466,48.48,100
35243467,9:47:23:467,48.48,100
35243517,9:47:23:517,48.48,100
35245094,9:47:25:94,48.48,10
35249037,9:47:29:37,48.48,7
35249793,9:47:29:793,48.48,1
35250805,9:47:30:805,48.47,1
35252013,9:47:32:13,48.47,1
35253042,9:47:33:42,48.47,1
35253796,9:47:33:796,48.47,1
35255043,9:47:35:43,48.47,1
35256033,9:47:36:33,48.47,1
35257043,9:47:37:43,48.47,1
35258034,9:47:38:34,48.47,1
35258167,9:47:38:167,48.47,92
35267823,9:47:47:823,48.47,20
35268514,9:47:48:514,48.47,200
35268514,9:47:48:514,48.47,300
35268514,9:47:48:514,48.47,200
35268514,9:47:48:514,48.47,200
35268514,9:47:48:514,48.47,200
35268514,9:47:48:514,48.47,100
35268514,9:47:48:514,48.47,180
35268514,9:47:48:514,48.47,95
35268514,9:47:48:514,48.47,5
35268514,9:47:48:514,48.47,100
35268514,9:47:48:514,48.47,200
35268514,9:47:48:514,48.47,200
35268514,9:47:48:514,48.47,95
35268515,9:47:48:515,48.47,25
35268515,9:47:48:515,48.47,10
35268515,9:47:48:515,48.47,75
35268515,9:47:48:515,48.47,25
35268515,9:47:48:515,48.47,175
35268515,9:47:48:515,48.47,100
35268515,9:47:48:515,48.47,100
35268515,9:47:48:515,48.47,100
35268515,9:47:48:515,48.47,100
35268515,9:47:48:515,48.47,100
35268516,9:47:48:516,48.47,100
35268516,9:47:48:516,48.47,195
35268516,9:47:48:516,48.47,150
35268520,9:47:48:520,48.475,200
35268534,9:47:48:534,48.4718,200
35268543,9:47:48:543,48.4718,400
35268961,9:47:48:961,48.47,100
35268966,9:47:48:966,48.47,100
35268970,9:47:48:970,48.47,100
35269026,9:47:49:26,48.48,200
35269026,9:47:49:26,48.48,100
35269027,9:47:49:27,48.48,100
35269027,9:47:49:27,48.48,1
35269028,9:47:49:28,48.48,100
35279040,9:47:59:40,48.48,13
35279311,9:47:59:311,48.48,100
35279463,9:47:59:463,48.48,100
35279561,9:47:59:561,48.48,100
35279562,9:47:59:562,48.48,100
35279562,9:47:59:562,48.48,26
35279562,9:47:59:562,48.48,87
35279563,9:47:59:563,48.48,100
35279563,9:47:59:563,48.48,100
35279563,9:47:59:563,48.48,18
35279563,9:47:59:563,48.48,100
35279563,9:47:59:563,48.48,100
35279825,9:47:59:825,48.47,200
35279831,9:47:59:831,48.4736,100
35279835,9:47:59:835,48.4736,100
35279836,9:47:59:836,48.4736,100
35293174,9:48:13:174,48.48,300
35293176,9:48:13:176,48.47,100
35293176,9:48:13:176,48.47,100
35293176,9:48:13:176,48.47,100
35293176,9:48:13:176,48.47,105
35293176,9:48:13:176,48.47,95
35293176,9:48:13:176,48.47,105
35293176,9:48:13:176,48.47,95
35293176,9:48:13:176,48.47,100
35293176,9:48:13:176,48.47,200
35293177,9:48:13:177,48.47,100
35293178,9:48:13:178,48.48,200
35293182,9:48:13:182,48.47,100
35294465,9:48:14:465,48.47,300
35294468,9:48:14:468,48.47,100
35294477,9:48:14:477,48.47,300
35294479,9:48:14:479,48.47,100
35294479,9:48:14:479,48.47,100
35294479,9:48:14:479,48.47,100
35294480,9:48:14:480,48.465,100
35295220,9:48:15:220,48.47,100
35296677,9:48:16:677,48.46,100
35296677,9:48:16:677,48.46,100
35296677,9:48:16:677,48.46,100
35296678,9:48:16:678,48.45,100
35296682,9:48:16:682,48.44,100
35296682,9:48:16:682,48.44,66
35296682,9:48:16:682,48.44,21
35296682,9:48:16:682,48.45,100
35296682,9:48:16:682,48.45,100
35296682,9:48:16:682,48.45,100
35296683,9:48:16:683,48.45,100
35296683,9:48:16:683,48.45,100
35296683,9:48:16:683,48.45,100
35296683,9:48:16:683,48.44,100
35296683,9:48:16:683,48.4375,100
35296684,9:48:16:684,48.44,121
35296840,9:48:16:840,48.45,200
35296990,9:48:16:990,48.47,100
35296990,9:48:16:990,48.47,100
35296991,9:48:16:991,48.45,100
35296992,9:48:16:992,48.44,100
35296992,9:48:16:992,48.44,100
35297672,9:48:17:672,48.44,100
35297692,9:48:17:692,48.455,100
35298481,9:48:18:481,48.455,200
35303480,9:48:23:480,48.455,100
35303485,9:48:23:485,48.44,200
35303485,9:48:23:485,48.44,100
35303485,9:48:23:485,48.44,100
35303486,9:48:23:486,48.44,12
35303486,9:48:23:486,48.44,88
35303487,9:48:23:487,48.44,100
35303487,9:48:23:487,48.44,100
35303487,9:48:23:487,48.44,100
35303487,9:48:23:487,48.44,100
35303487,9:48:23:487,48.44,100
35303487,9:48:23:487,48.44,100
35303488,9:48:23:488,48.44,100
35303488,9:48:23:488,48.44,12
35303493,9:48:23:493,48.44,88
35303498,9:48:23:498,48.44,200
35303506,9:48:23:506,48.42,92
35303519,9:48:23:519,48.4236,100
35303526,9:48:23:526,48.4236,100
35305297,9:48:25:297,48.44,100
35305306,9:48:25:306,48.42,200
35305313,9:48:25:313,48.4236,200
35305482,9:48:25:482,48.43,200
35306481,9:48:26:481,48.43,100
35306516,9:48:26:516,48.43,100
35306530,9:48:26:530,48.43,100
35306535,9:48:26:535,48.43,100
35306536,9:48:26:536,48.43,100
35306536,9:48:26:536,48.44,200
35306536,9:48:26:536,48.43,100
35306537,9:48:26:537,48.44,100
35306538,9:48:26:538,48.44,100
35306538,9:48:26:538,48.45,100
35306539,9:48:26:539,48.44,100
35306541,9:48:26:541,48.45,100
35306542,9:48:26:542,48.45,100
35306851,9:48:26:851,48.46,100
35306911,9:48:26:911,48.46,100
35306911,9:48:26:911,48.46,100
35306911,9:48:26:911,48.46,100
35309467,9:48:29:467,48.46,100
35309469,9:48:29:469,48.46,100
35309479,9:48:29:479,48.46,100
35309480,9:48:29:480,48.46,100
35309482,9:48:29:482,48.47,13
35309529,9:48:29:529,48.46,100
35309532,9:48:29:532,48.4618,100
35312505,9:48:32:505,48.47,100
35312599,9:48:32:599,48.47,400
35312605,9:48:32:605,48.47,100
35312634,9:48:32:634,48.47,200
35312639,9:48:32:639,48.47,100
35312658,9:48:32:658,48.47,100
35315655,9:48:35:655,48.46,100
35317927,9:48:37:927,48.46,100
35318473,9:48:38:473,48.47,100
35318476,9:48:38:476,48.47,100
35318476,9:48:38:476,48.47,100
35318496,9:48:38:496,48.47,100
35318503,9:48:38:503,48.47,100
35318505,9:48:38:505,48.47,100
35318684,9:48:38:684,48.47,100
35320603,9:48:40:603,48.46,100
35325954,9:48:45:954,48.46,100
35325954,9:48:45:954,48.46,100
35325954,9:48:45:954,48.46,8
35325954,9:48:45:954,48.46,92
35325956,9:48:45:956,48.46,200
35327286,9:48:47:286,48.45,500
35327286,9:48:47:286,48.45,900
35327286,9:48:47:286,48.45,100
35327286,9:48:47:286,48.45,100
35327286,9:48:47:286,48.45,100
35327286,9:48:47:286,48.45,100
35327286,9:48:47:286,48.45,100
35327289,9:48:47:289,48.455,100
35327298,9:48:47:298,48.44,100
35327299,9:48:47:299,48.43,76
35327496,9:48:47:496,48.45,100
35327535,9:48:47:535,48.45,100
35327552,9:48:47:552,48.4418,300
35327554,9:48:47:554,48.44,100
35331111,9:48:51:111,48.45,100
35331111,9:48:51:111,48.45,100
35333474,9:48:53:474,48.46,100
35333474,9:48:53:474,48.46,200
35333475,9:48:53:475,48.46,100
35333475,9:48:53:475,48.46,100
35333475,9:48:53:475,48.46,100
35338487,9:48:58:487,48.45,100
35338488,9:48:58:488,48.45,100
35338669,9:48:58:669,48.45,20
35341087,9:49:1:87,48.45,100
35344711,9:49:4:711,48.44,100
35346482,9:49:6:482,48.445,100
35348027,9:49:8:27,48.445,200
35351913,9:49:11:913,48.45,100
35360349,9:49:20:349,48.45,200
35360349,9:49:20:349,48.45,100
35360350,9:49:20:350,48.45,100
35360480,9:49:20:480,48.445,100
35360482,9:49:20:482,48.45,100
35360483,9:49:20:483,48.46,100
35360488,9:49:20:488,48.44,100
35361095,9:49:21:95,48.46,200
35361095,9:49:21:95,48.46,100
35361095,9:49:21:95,48.46,100
35361227,9:49:21:227,48.46,100
35361227,9:49:21:227,48.46,74
35361227,9:49:21:227,48.46,38
35367174,9:49:27:174,48.3938,100
35378482,9:49:38:482,48.46,100
35381526,9:49:41:526,48.46,100
35381531,9:49:41:531,48.46,100
35381535,9:49:41:535,48.47,200
35381535,9:49:41:535,48.47,100
35381536,9:49:41:536,48.47,100
35381536,9:49:41:536,48.47,100
35381536,9:49:41:536,48.47,100
35381536,9:49:41:536,48.47,100
35381536,9:49:41:536,48.47,100
35381536,9:49:41:536,48.47,100
35381536,9:49:41:536,48.47,100
35381536,9:49:41:536,48.465,100
35381536,9:49:41:536,48.46,100
35381543,9:49:41:543,48.47,200
35381597,9:49:41:597,48.475,100
35381597,9:49:41:597,48.47,100
35381597,9:49:41:597,48.47,100
35381599,9:49:41:599,48.46,100
35391485,9:49:51:485,48.45,87
35391486,9:49:51:486,48.45,213
35391487,9:49:51:487,48.45,200
35391487,9:49:51:487,48.45,100
35391487,9:49:51:487,48.45,100
35391488,9:49:51:488,48.45,100
35391488,9:49:51:488,48.45,300
35391488,9:49:51:488,48.45,100
35391490,9:49:51:490,48.45,700
35391493,9:49:51:493,48.45,100
35391493,9:49:51:493,48.45,100
35392000,9:49:52:0,48.46,200
35393032,9:49:53:32,48.46,100
35393032,9:49:53:32,48.46,100
35393151,9:49:53:151,48.45,100
35393153,9:49:53:153,48.45,100
35394998,9:49:54:998,48.46,100
35395238,9:49:55:238,48.46,100
35400087,9:50:0:87,48.4755,2
35403326,9:50:3:326,48.45,100
35403914,9:50:3:914,48.45,100
35404497,9:50:4:497,48.45,100
35405093,9:50:5:93,48.455,100
35405682,9:50:5:682,48.46,100
35406263,9:50:6:263,48.45,100
35406854,9:50:6:854,48.45,100
35407434,9:50:7:434,48.45,100
35408033,9:50:8:33,48.45,100
35408602,9:50:8:602,48.45,100
35409130,9:50:9:130,48.46,84
35409191,9:50:9:191,48.45,100
35409193,9:50:9:193,48.45,300
35409193,9:50:9:193,48.45,100
35409193,9:50:9:193,48.45,300
35409194,9:50:9:194,48.45,700
35409195,9:50:9:195,48.45,500
35409199,9:50:9:199,48.45,700
35409276,9:50:9:276,48.44,100
35409276,9:50:9:276,48.44,400
35409307,9:50:9:307,48.45,500
35409675,9:50:9:675,48.445,200
35409760,9:50:9:760,48.44,100
35409760,9:50:9:760,48.44,100
35413162,9:50:13:162,48.44,100
35422286,9:50:22:286,48.43,32
35422937,9:50:22:937,48.43,302
35422938,9:50:22:938,48.43,100
35422938,9:50:22:938,48.43,100
35422938,9:50:22:938,48.43,100
35422938,9:50:22:938,48.43,100
35422938,9:50:22:938,48.43,100
35422938,9:50:22:938,48.43,100
35422938,9:50:22:938,48.43,100
35422939,9:50:22:939,48.43,100
35422939,9:50:22:939,48.43,100
35422939,9:50:22:939,48.43,100
35422939,9:50:22:939,48.43,100
35422940,9:50:22:940,48.43,100
35422940,9:50:22:940,48.43,100
35422941,9:50:22:941,48.43,100
35422941,9:50:22:941,48.43,200
35422942,9:50:22:942,48.43,68
35422948,9:50:22:948,48.43,200
35422952,9:50:22:952,48.425,200
35422953,9:50:22:953,48.425,100
35422954,9:50:22:954,48.43,100
35422955,9:50:22:955,48.425,100
35422955,9:50:22:955,48.425,100
35422955,9:50:22:955,48.425,100
35422984,9:50:22:984,48.43,100
35422984,9:50:22:984,48.43,100
35423243,9:50:23:243,48.43,100
35423295,9:50:23:295,48.425,100
35423534,9:50:23:534,48.43,100
35423737,9:50:23:737,48.43,100
35423830,9:50:23:830,48.43,200
35423830,9:50:23:830,48.43,500
35423830,9:50:23:830,48.43,2
35423831,9:50:23:831,48.43,100
35423833,9:50:23:833,48.43,100
35423834,9:50:23:834,48.43,195
35423835,9:50:23:835,48.43,218
35423836,9:50:23:836,48.43,200
35423836,9:50:23:836,48.43,100
35423836,9:50:23:836,48.43,100
35423836,9:50:23:836,48.43,100
35423836,9:50:23:836,48.43,100
35423838,9:50:23:838,48.43,100
35423840,9:50:23:840,48.43,100
35423840,9:50:23:840,48.43,200
35423840,9:50:23:840,48.43,100
35423841,9:50:23:841,48.43,300
35423842,9:50:23:842,48.43,100
35424481,9:50:24:481,48.43,100
35424483,9:50:24:483,48.42,100
35424483,9:50:24:483,48.42,16
35424483,9:50:24:483,48.42,100
35424483,9:50:24:483,48.43,400
35424483,9:50:24:483,48.42,100
35424483,9:50:24:483,48.43,20
35424484,9:50:24:484,48.43,100
35424484,9:50:24:484,48.43,280
35424649,9:50:24:649,48.415,100
35424650,9:50:24:650,48.42,100
35424655,9:50:24:655,48.42,200
35424663,9:50:24:663,48.42,100
35424688,9:50:24:688,48.42,100
35424688,9:50:24:688,48.415,100
35424688,9:50:24:688,48.42,20
35425277,9:50:25:277,48.41,100
35425277,9:50:25:277,48.41,100
35425277,9:50:25:277,48.41,16
35425277,9:50:25:277,48.41,84
35425665,9:50:25:665,48.4,100
35426486,9:50:26:486,48.38,100
35426486,9:50:26:486,48.38,57
35426657,9:50:26:657,48.41,100
35426657,9:50:26:657,48.41,406
35427653,9:50:27:653,48.42,400
35427654,9:50:27:654,48.42,19
35427691,9:50:27:691,48.42,100
35427691,9:50:27:691,48.42,100
35427691,9:50:27:691,48.42,81
35427691,9:50:27:691,48.42,100
35427692,9:50:27:692,48.42,100
35427692,9:50:27:692,48.41,100
35427692,9:50:27:692,48.41,100
35427693,9:50:27:693,48.41,200
35427693,9:50:27:693,48.41,300
35427694,9:50:27:694,48.41,100
35427694,9:50:27:694,48.41,100
35427694,9:50:27:694,48.41,100
35428888,9:50:28:888,48.42,100
35429486,9:50:29:486,48.39,100
35430656,9:50:30:656,48.41,100
35430656,9:50:30:656,48.42,100
35430656,9:50:30:656,48.42,100
35430656,9:50:30:656,48.42,100
35430657,9:50:30:657,48.42,100
35430657,9:50:30:657,48.42,400
35430657,9:50:30:657,48.4,100
35431013,9:50:31:13,48.4,200
35431027,9:50:31:27,48.39,100
35431028,9:50:31:28,48.39,100
35431362,9:50:31:362,48.4,100
35431488,9:50:31:488,48.39,100
35431683,9:50:31:683,48.42,100
35431683,9:50:31:683,48.41,100
35431685,9:50:31:685,48.405,100
35432664,9:50:32:664,48.42,500
35432671,9:50:32:671,48.42,500
35432731,9:50:32:731,48.42,100
35432735,9:50:32:735,48.42,100
35432735,9:50:32:735,48.42,100
35432735,9:50:32:735,48.42,100
35433683,9:50:33:683,48.42,200
35433731,9:50:33:731,48.42,100
35433731,9:50:33:731,48.42,100
35433732,9:50:33:732,48.42,200
35433739,9:50:33:739,48.41,200
35433740,9:50:33:740,48.4,100
35433740,9:50:33:740,48.4,100
35433742,9:50:33:742,48.4,200
35433742,9:50:33:742,48.41,100
35433743,9:50:33:743,48.41,300
35433743,9:50:33:743,48.41,200
35433744,9:50:33:744,48.41,100
35433744,9:50:33:744,48.41,100
35433745,9:50:33:745,48.41,100
35433745,9:50:33:745,48.42,100
35433746,9:50:33:746,48.41,100
35435264,9:50:35:264,48.41,200
35435485,9:50:35:485,48.38,100
35435486,9:50:35:486,48.38,100
35435486,9:50:35:486,48.38,100
35435486,9:50:35:486,48.38,100
35435675,9:50:35:675,48.39,200
35435675,9:50:35:675,48.4,300
35435675,9:50:35:675,48.41,500
35435675,9:50:35:675,48.42,200
35435676,9:50:35:676,48.4,100
35435676,9:50:35:676,48.4,100
35435676,9:50:35:676,48.41,100
35435676,9:50:35:676,48.39,100
35435677,9:50:35:677,48.4,200
35435677,9:50:35:677,48.41,100
35435677,9:50:35:677,48.4,100
35435677,9:50:35:677,48.4,200
35435754,9:50:35:754,48.4,300
35435754,9:50:35:754,48.41,100
35435770,9:50:35:770,48.4,100
35435770,9:50:35:770,48.39,200
35436669,9:50:36:669,48.39,100
35437404,9:50:37:404,48.41,100
35437404,9:50:37:404,48.41,100
35437486,9:50:37:486,48.39,100
35437679,9:50:37:679,48.4,100
35438672,9:50:38:672,48.41,300
35440621,9:50:40:621,48.37,100
35442487,9:50:42:487,48.38,100
35442716,9:50:42:716,48.4,300
35442720,9:50:42:720,48.4,100
35442728,9:50:42:728,48.38,200
35442740,9:50:42:740,48.38,100
35442945,9:50:42:945,48.39,200
35443688,9:50:43:688,48.39,100
35443688,9:50:43:688,48.4,300
35443688,9:50:43:688,48.41,400
35444599,9:50:44:599,48.41,100
35444599,9:50:44:599,48.41,100
35444599,9:50:44:599,48.41,100
35444599,9:50:44:599,48.41,100
35444599,9:50:44:599,48.41,100
35444609,9:50:44:609,48.41,100
35444689,9:50:44:689,48.41,100
35444689,9:50:44:689,48.41,100
35444698,9:50:44:698,48.4,400
35445688,9:50:45:688,48.41,100
35445775,9:50:45:775,48.41,92
35446690,9:50:46:690,48.41,100
35446690,9:50:46:690,48.41,100
35446690,9:50:46:690,48.41,100
35451947,9:50:51:947,48.4023,294
35452481,9:50:52:481,48.405,200
35457483,9:50:57:483,48.405,100
35462483,9:51:2:483,48.405,100
35467482,9:51:7:482,48.405,100
35467508,9:51:7:508,48.41,8
35467509,9:51:7:509,48.41,10
35467509,9:51:7:509,48.41,10
35467509,9:51:7:509,48.41,10
35468721,9:51:8:721,48.41,100
35468760,9:51:8:760,48.41,100
35469484,9:51:9:484,48.4,100
35469485,9:51:9:485,48.39,100
35469485,9:51:9:485,48.39,300
35469485,9:51:9:485,48.39,100
35469485,9:51:9:485,48.4,100
35469720,9:51:9:720,48.39,25
35469739,9:51:9:739,48.39,100
35470733,9:51:10:733,48.39,100
35470775,9:51:10:775,48.39,100
35470842,9:51:10:842,48.39,100
35470886,9:51:10:886,48.39,100
35470914,9:51:10:914,48.39,100
35470919,9:51:10:919,48.39,100
35470931,9:51:10:931,48.39,100
35470945,9:51:10:945,48.39,100
35470949,9:51:10:949,48.39,100
35470950,9:51:10:950,48.39,100
35470967,9:51:10:967,48.39,100
35470967,9:51:10:967,48.39,100
35470967,9:51:10:967,48.39,100
35470967,9:51:10:967,48.39,100
35470967,9:51:10:967,48.4,175
35470967,9:51:10:967,48.41,100
35470969,9:51:10:969,48.4,100
35470969,9:51:10:969,48.41,100
35470970,9:51:10:970,48.41,25
35471309,9:51:11:309,48.38,94
35472707,9:51:12:707,48.41,100
35472707,9:51:12:707,48.41,100
35472707,9:51:12:707,48.41,100
35481485,9:51:21:485,48.38,43
35483796,9:51:23:796,48.395,300
35486740,9:51:26:740,48.37,500
35486753,9:51:26:753,48.41,100
35486753,9:51:26:753,48.41,92
35489716,9:51:29:716,48.41,100
35489718,9:51:29:718,48.41,100
35490070,9:51:30:70,48.41,100
35491953,9:51:31:953,48.42,100
35492071,9:51:32:71,48.42,100
35492098,9:51:32:98,48.42,100
35492196,9:51:32:196,48.42,100
35492388,9:51:32:388,48.42,200
35492513,9:51:32:513,48.401,134
35495156,9:51:35:156,48.41,100
35497286,9:51:37:286,48.42,100
35504078,9:51:44:78,48.41,100
35504078,9:51:44:78,48.41,100
35504078,9:51:44:78,48.41,2
35504078,9:51:44:78,48.41,100
35504078,9:51:44:78,48.41,100
35504078,9:51:44:78,48.41,100
35504078,9:51:44:78,48.41,100
35504078,9:51:44:78,48.41,100
35504078,9:51:44:78,48.41,100
35504078,9:51:44:78,48.41,100
35504078,9:51:44:78,48.41,100
35504078,9:51:44:78,48.41,100
35504078,9:51:44:78,48.41,98
35504078,9:51:44:78,48.42,100
35504079,9:51:44:79,48.41,100
35504079,9:51:44:79,48.42,254
35504079,9:51:44:79,48.41,100
35504079,9:51:44:79,48.41,100
35504079,9:51:44:79,48.41,7
35504079,9:51:44:79,48.41,93
35504079,9:51:44:79,48.41,10
35504080,9:51:44:80,48.42,100
35504081,9:51:44:81,48.42,100
35504081,9:51:44:81,48.42,100
35504497,9:51:44:497,48.43,100
35508211,9:51:48:211,48.42,35
35508211,9:51:48:211,48.43,65
35508211,9:51:48:211,48.43,100
35508608,9:51:48:608,48.43,100
35508608,9:51:48:608,48.43,200
35508608,9:51:48:608,48.43,15
35508609,9:51:48:609,48.43,100
35508609,9:51:48:609,48.43,100
35508609,9:51:48:609,48.43,72
35508610,9:51:48:610,48.43,57
35509902,9:51:49:902,48.445,100
35510533,9:51:50:533,48.46,100
35511662,9:51:51:662,48.45,100
35511835,9:51:51:835,48.45,100
35512163,9:51:52:163,48.45,100
35513503,9:51:53:503,48.46,100
35514993,9:51:54:993,48.45,100
35515112,9:51:55:112,48.45,100
35515137,9:51:55:137,48.45,100
35516504,9:51:56:504,48.46,100
35519075,9:51:59:75,48.44,154
35519075,9:51:59:75,48.44,46
35519076,9:51:59:76,48.44,100
35519096,9:51:59:96,48.44,100
35519120,9:51:59:120,48.43,100
35519121,9:51:59:121,48.44,100
35519941,9:51:59:941,48.425,100
35519945,9:51:59:945,48.4202,100
35520639,9:52:0:639,48.41,100
35520640,9:52:0:640,48.41,100
35521234,9:52:1:234,48.41,300
35521307,9:52:1:307,48.41,300
35521309,9:52:1:309,48.4,100
35524397,9:52:4:397,48.42,6
35524917,9:52:4:917,48.43,11
35536029,9:52:16:29,48.42,100
35537505,9:52:17:505,48.43,200
35537510,9:52:17:510,48.43,100
35537565,9:52:17:565,48.43,100
35537566,9:52:17:566,48.43,100
35537668,9:52:17:668,48.43,100
35548173,9:52:28:173,48.44,200
35548174,9:52:28:174,48.44,100
35548184,9:52:28:184,48.45,100
35548185,9:52:28:185,48.45,100
35548185,9:52:28:185,48.45,100
35548185,9:52:28:185,48.45,100
35548283,9:52:28:283,48.45,100
35548283,9:52:28:283,48.45,200
35548283,9:52:28:283,48.45,520
35548284,9:52:28:284,48.45,100
35548284,9:52:28:284,48.44,100
35548289,9:52:28:289,48.44,100
35548289,9:52:28:289,48.44,100
35548293,9:52:28:293,48.45,62
35548294,9:52:28:294,48.45,38
35548437,9:52:28:437,48.46,100
35548438,9:52:28:438,48.46,100
35548449,9:52:28:449,48.46,100
35548451,9:52:28:451,48.46,100
35548455,9:52:28:455,48.46,100
35556075,9:52:36:75,48.43,2
35556531,9:52:36:531,48.4414,5050
35561305,9:52:41:305,48.43,200
35561305,9:52:41:305,48.43,100
35561305,9:52:41:305,48.44,90
35561311,9:52:41:311,48.42,100
35561313,9:52:41:313,48.42,8
35561313,9:52:41:313,48.42,200
35561326,9:52:41:326,48.42,92
35561326,9:52:41:326,48.42,8
35561481,9:52:41:481,48.41,200
35561484,9:52:41:484,48.41,100
35561487,9:52:41:487,48.39,100
35561487,9:52:41:487,48.39,100
35561489,9:52:41:489,48.39,260
35561489,9:52:41:489,48.39,40
35561489,9:52:41:489,48.39,60
35561493,9:52:41:493,48.39,100
35561493,9:52:41:493,48.39,100
35561730,9:52:41:730,48.41,100
35561738,9:52:41:738,48.41,100
35561785,9:52:41:785,48.39,100
35561787,9:52:41:787,48.41,100
35563617,9:52:43:617,48.38,300
35564154,9:52:44:154,48.41,100
35568484,9:52:48:484,48.4,100
35573482,9:52:53:482,48.4,100
35573485,9:52:53:485,48.38,100
35573737,9:52:53:737,48.41,200
35573739,9:52:53:739,48.41,200
35573741,9:52:53:741,48.41,200
35573744,9:52:53:744,48.41,200
35573756,9:52:53:756,48.38,100
35573756,9:52:53:756,48.38,100
35573757,9:52:53:757,48.38,100
35573757,9:52:53:757,48.38,388
35573757,9:52:53:757,48.38,100
35573758,9:52:53:758,48.38,100
35573765,9:52:53:765,48.39,200
35573766,9:52:53:766,48.38,100
35573777,9:52:53:777,48.39,100
35573789,9:52:53:789,48.39,100
35573808,9:52:53:808,48.4,100
35575453,9:52:55:453,48.41,100
35575459,9:52:55:459,48.41,200
35575487,9:52:55:487,48.39,200
35575832,9:52:55:832,48.41,125
35576743,9:52:56:743,48.41,100
35576743,9:52:56:743,48.41,100
35576743,9:52:56:743,48.41,100
35576743,9:52:56:743,48.41,75
35576743,9:52:56:743,48.41,100
35576744,9:52:56:744,48.41,100
35576744,9:52:56:744,48.41,100
35576750,9:52:56:750,48.41,100
35576758,9:52:56:758,48.41,100
35576758,9:52:56:758,48.41,100
35576767,9:52:56:767,48.41,100
35577760,9:52:57:760,48.41,100
35579505,9:52:59:505,48.42,300
35579524,9:52:59:524,48.42,100
35579524,9:52:59:524,48.42,100
35579525,9:52:59:525,48.42,100
35579526,9:52:59:526,48.42,100
35582509,9:53:2:509,48.43,100
35586068,9:53:6:68,48.42,8
35586075,9:53:6:75,48.42,92
35591161,9:53:11:161,48.43,100
35591277,9:53:11:277,48.41,20
35610484,9:53:30:484,48.425,100
35610498,9:53:30:498,48.43,100
35610499,9:53:30:499,48.43,100
35612728,9:53:32:728,48.41,100
35615652,9:53:35:652,48.4399,5
35637938,9:53:57:938,48.43,17
35640171,9:54:0:171,48.43,2
35647861,9:54:7:861,48.43,11
35668507,9:54:28:507,48.42,100
35668509,9:54:28:509,48.43,1
35668509,9:54:28:509,48.43,1
35668780,9:54:28:780,48.43,200
35668780,9:54:28:780,48.43,1
35668783,9:54:28:783,48.43,100
35668786,9:54:28:786,48.42,1
35668787,9:54:28:787,48.42,195
35668787,9:54:28:787,48.42,4
35668859,9:54:28:859,48.415,100
35668859,9:54:28:859,48.41,100
35668859,9:54:28:859,48.41,100
35668859,9:54:28:859,48.415,100
35668859,9:54:28:859,48.415,100
35668860,9:54:28:860,48.41,100
35668860,9:54:28:860,48.415,100
35669563,9:54:29:563,48.41,100
35669564,9:54:29:564,48.41,100
35669729,9:54:29:729,48.41,100
35671760,9:54:31:760,48.41,99
35679485,9:54:39:485,48.41,100
35681434,9:54:41:434,48.4,38
35681434,9:54:41:434,48.4,162
35681434,9:54:41:434,48.4,62
35681434,9:54:41:434,48.405,150
35681434,9:54:41:434,48.4,100
35681434,9:54:41:434,48.41,100
35681453,9:54:41:453,48.39,20
35681479,9:54:41:479,48.4,100
35687833,9:54:47:833,48.4,100
35691480,9:54:51:480,48.4,100
35700610,9:55:0:610,48.4,100
35700611,9:55:0:611,48.39,300
35700612,9:55:0:612,48.39,100
35701593,9:55:1:593,48.39,100
35701594,9:55:1:594,48.39,100
35704274,9:55:4:274,48.39,100
35708484,9:55:8:484,48.395,100
35709354,9:55:9:354,48.39,100
35709605,9:55:9:605,48.39,100
35709606,9:55:9:606,48.39,100
35710578,9:55:10:578,48.4,200
35710579,9:55:10:579,48.4,100
35710584,9:55:10:584,48.4,200
35710585,9:55:10:585,48.405,100
35710628,9:55:10:628,48.4,10
35714358,9:55:14:358,48.39,100
35714358,9:55:14:358,48.39,200
35714358,9:55:14:358,48.39,100
35714358,9:55:14:358,48.39,100
35714359,9:55:14:359,48.39,100
35714359,9:55:14:359,48.4,100
35714359,9:55:14:359,48.39,188
35714359,9:55:14:359,48.39,12
35714359,9:55:14:359,48.39,12
35714359,9:55:14:359,48.4,200
35714359,9:55:14:359,48.39,12
35714364,9:55:14:364,48.39,100
35714713,9:55:14:713,48.395,100
35716940,9:55:16:940,48.39,57
35717479,9:55:17:479,48.39,43
35718699,9:55:18:699,48.39,100
35722488,9:55:22:488,48.39,100
35722490,9:55:22:490,48.39,8
35722504,9:55:22:504,48.39,100
35727487,9:55:27:487,48.39,100
35732487,9:55:32:487,48.39,92
35732488,9:55:32:488,48.39,8
35732491,9:55:32:491,48.39,68
35732741,9:55:32:741,48.38,8
35770184,9:56:10:184,48.4,100
35770190,9:56:10:190,48.38,1
35775728,9:56:15:728,48.38,108
35775729,9:56:15:729,48.38,100
35775729,9:56:15:729,48.38,8
35775729,9:56:15:729,48.38,100
35775729,9:56:15:729,48.38,91
35775729,9:56:15:729,48.38,100
35775729,9:56:15:729,48.38,9
35775729,9:56:15:729,48.38,91
35775729,9:56:15:729,48.38,100
35775729,9:56:15:729,48.38,199
35775729,9:56:15:729,48.38,100
35775730,9:56:15:730,48.38,101
35775732,9:56:15:732,48.38,100
35775732,9:56:15:732,48.38,100
35775732,9:56:15:732,48.38,100
35775733,9:56:15:733,48.38,100
35775733,9:56:15:733,48.38,100
35775734,9:56:15:734,48.38,100
35775736,9:56:15:736,48.38,100
35775765,9:56:15:765,48.38,192
35776560,9:56:16:560,48.37,100
35776560,9:56:16:560,48.37,100
35776560,9:56:16:560,48.37,100
35776560,9:56:16:560,48.37,100
35776561,9:56:16:561,48.37,100
35776561,9:56:16:561,48.37,100
35776562,9:56:16:562,48.37,200
35776562,9:56:16:562,48.37,52
35776566,9:56:16:566,48.37,100
35776614,9:56:16:614,48.37,100
35777695,9:56:17:695,48.37,100
35777701,9:56:17:701,48.37,48
35777712,9:56:17:712,48.37,100
35778353,9:56:18:353,48.37,100
35778353,9:56:18:353,48.37,100
35778388,9:56:18:388,48.37,22
35780356,9:56:20:356,48.37,78
35780356,9:56:20:356,48.37,22
35780356,9:56:20:356,48.37,100
35781486,9:56:21:486,48.375,100
35781488,9:56:21:488,48.37,78
35781488,9:56:21:488,48.37,22
35783490,9:56:23:490,48.37,100
35783491,9:56:23:491,48.37,78
35783491,9:56:23:491,48.37,100
35783491,9:56:23:491,48.37,178
35783494,9:56:23:494,48.37,100
35783494,9:56:23:494,48.37,100
35783494,9:56:23:494,48.37,22
35786590,9:56:26:590,48.37,300
35786591,9:56:26:591,48.37,100
35786591,9:56:26:591,48.37,100
35786591,9:56:26:591,48.37,100
35786591,9:56:26:591,48.37,7
35786591,9:56:26:591,48.37,93
35786591,9:56:26:591,48.37,7
35786593,9:56:26:593,48.365,100
35787487,9:56:27:487,48.37,100
35789639,9:56:29:639,48.37,100
35789744,9:56:29:744,48.37,100
35789771,9:56:29:771,48.38,10
35792565,9:56:32:565,48.38,100
35794642,9:56:34:642,48.36,6
35798317,9:56:38:317,48.36,100
35798317,9:56:38:317,48.36,100
35798317,9:56:38:317,48.36,94
35798487,9:56:38:487,48.35,100
35798487,9:56:38:487,48.35,100
35798487,9:56:38:487,48.35,57
35798488,9:56:38:488,48.34,1
35800487,9:56:40:487,48.34,99
35800489,9:56:40:489,48.33,1
35810482,9:56:50:482,48.32,100
35834032,9:57:14:32,48.31,100
35836110,9:57:16:110,48.32,100
35836110,9:57:16:110,48.32,100
35836110,9:57:16:110,48.32,300
35836110,9:57:16:110,48.32,100
35836111,9:57:16:111,48.32,100
35836111,9:57:16:111,48.32,100
35836111,9:57:16:111,48.32,100
35836112,9:57:16:112,48.32,100
35836112,9:57:16:112,48.32,100
35836112,9:57:16:112,48.32,100
35836112,9:57:16:112,48.32,100
35836114,9:57:16:114,48.32,2
35836425,9:57:16:425,48.31,100
35836697,9:57:16:697,48.304,30
35854087,9:57:34:87,48.33,100
35854088,9:57:34:88,48.33,100
35854088,9:57:34:88,48.33,100
35854089,9:57:34:89,48.33,1
35854101,9:57:34:101,48.33,21
35854249,9:57:34:249,48.33,21
35854485,9:57:34:485,48.33,300
35854487,9:57:34:487,48.33,179
35854487,9:57:34:487,48.33,99
35854487,9:57:34:487,48.33,100
35854487,9:57:34:487,48.33,22
35854487,9:57:34:487,48.33,78
35858396,9:57:38:396,48.34,200
35864014,9:57:44:14,48.33,100
35864014,9:57:44:14,48.33,394
35864015,9:57:44:15,48.33,21
35868410,9:57:48:410,48.33,100
35868411,9:57:48:411,48.33,106
35868411,9:57:48:411,48.33,200
35868411,9:57:48:411,48.33,4
35868411,9:57:48:411,48.33,100
35868411,9:57:48:411,48.33,100
35868411,9:57:48:411,48.33,100
35868411,9:57:48:411,48.33,300
35868412,9:57:48:412,48.33,100
35868412,9:57:48:412,48.33,100
35868412,9:57:48:412,48.33,100
35868412,9:57:48:412,48.33,100
35868412,9:57:48:412,48.33,100
35868413,9:57:48:413,48.33,100
35869133,9:57:49:133,48.33,200
35869850,9:57:49:850,48.33,100
35869850,9:57:49:850,48.33,100
35869850,9:57:49:850,48.33,200
35869851,9:57:49:851,48.33,100
35869852,9:57:49:852,48.33,100
35869852,9:57:49:852,48.33,100
35869852,9:57:49:852,48.33,100
35869852,9:57:49:852,48.33,10
35869852,9:57:49:852,48.33,100
35869852,9:57:49:852,48.33,100
35877149,9:57:57:149,48.34,100
35877150,9:57:57:150,48.34,100
35877150,9:57:57:150,48.34,100
35877220,9:57:57:220,48.35,200
35880129,9:58:0:129,48.33,100
35880177,9:58:0:177,48.34,100
35882085,9:58:2:85,48.3416,80
35883726,9:58:3:726,48.35,100
35883727,9:58:3:727,48.35,100
35883798,9:58:3:798,48.36,77
35886445,9:58:6:445,48.36,100
35892802,9:58:12:802,48.36,10
35892802,9:58:12:802,48.36,100
35892802,9:58:12:802,48.36,100
35892806,9:58:12:806,48.37,300
35892807,9:58:12:807,48.37,100
35892807,9:58:12:807,48.37,100
35892808,9:58:12:808,48.37,90
35892976,9:58:12:976,48.37,100
35897662,9:58:17:662,48.37,100
35898931,9:58:18:931,48.37,400
35926436,9:58:46:436,48.366,10
35927085,9:58:47:85,48.37,202
35927085,9:58:47:85,48.37,100
35927085,9:58:47:85,48.37,100
35927085,9:58:47:85,48.37,100
35927085,9:58:47:85,48.37,37
35927085,9:58:47:85,48.37,6
35927086,9:58:47:86,48.37,63
35927086,9:58:47:86,48.37,100
35927101,9:58:47:101,48.37,100
35927865,9:58:47:865,48.38,300
35942051,9:59:2:51,48.38,77
35944763,9:59:4:763,48.37,1
35944948,9:59:4:948,48.37,99
35944948,9:59:4:948,48.37,100
35944948,9:59:4:948,48.375,50
35944948,9:59:4:948,48.375,50
35944948,9:59:4:948,48.37,100
35944948,9:59:4:948,48.37,25
35944948,9:59:4:948,48.37,100
35956724,9:59:16:724,48.36,24
35967190,9:59:27:190,48.4072,200
35968965,9:59:28:965,48.36,100
35968965,9:59:28:965,48.36,100
35968965,9:59:28:965,48.36,100
35968965,9:59:28:965,48.36,94
35968965,9:59:28:965,48.36,51
35973147,9:59:33:147,48.35,200
35973147,9:59:33:147,48.35,31
35973147,9:59:33:147,48.35,69
35973147,9:59:33:147,48.35,125
35973147,9:59:33:147,48.35,68
35973147,9:59:33:147,48.35,31
35973376,9:59:33:376,48.35,100
35973377,9:59:33:377,48.35,100
35973378,9:59:33:378,48.35,100
35973378,9:59:33:378,48.35,100
35973379,9:59:33:379,48.35,5
35973381,9:59:33:381,48.35,95
35973382,9:59:33:382,48.35,5
35973384,9:59:33:384,48.35,95
35974353,9:59:34:353,48.35,300
35979707,9:59:39:707,48.35,100
35982494,9:59:42:494,48.34,100
35982494,9:59:42:494,48.34,200
35983024,9:59:43:24,48.34,100
35983024,9:59:43:24,48.34,100
35983024,9:59:43:24,48.34,100
35983024,9:59:43:24,48.34,100
35983024,9:59:43:24,48.34,100
35983024,9:59:43:24,48.34,49
35983024,9:59:43:24,48.34,12
35998941,9:59:58:941,48.33,100
35998941,9:59:58:941,48.33,6
35998942,9:59:58:942,48.33,100
35998942,9:59:58:942,48.33,100
35999042,9:59:59:42,48.32,100
36002451,10:0:2:451,48.32,100
36002452,10:0:2:452,48.32,100
36002452,10:0:2:452,48.32,100
36002452,10:0:2:452,48.32,100
36002452,10:0:2:452,48.32,57
36004447,10:0:4:447,48.31,100
36004447,10:0:4:447,48.31,100
36004447,10:0:4:447,48.31,100
36004447,10:0:4:447,48.31,200
36004447,10:0:4:447,48.31,100
36004873,10:0:4:873,48.31,400
36009295,10:0:9:295,48.31,100
36011188,10:0:11:188,48.31,100
36011257,10:0:11:257,48.3,100
36016991,10:0:16:991,48.31,77
36021183,10:0:21:183,48.31,100
36021183,10:0:21:183,48.31,10
36023169,10:0:23:169,48.31,100
36026320,10:0:26:320,48.31,100
36026321,10:0:26:321,48.31,7
36026322,10:0:26:322,48.31,23
36026322,10:0:26:322,48.31,135
36026323,10:0:26:323,48.31,100
36026323,10:0:26:323,48.31,100
36026323,10:0:26:323,48.31,200
36026323,10:0:26:323,48.31,100
36026323,10:0:26:323,48.31,100
36026323,10:0:26:323,48.31,58
36026323,10:0:26:323,48.31,9
36026324,10:0:26:324,48.31,100
36026324,10:0:26:324,48.31,74
36026324,10:0:26:324,48.31,100
36026324,10:0:26:324,48.31,400
36026324,10:0:26:324,48.31,100
36026326,10:0:26:326,48.31,100
36026344,10:0:26:344,48.31,100
36036468,10:0:36:468,48.315,100
36043796,10:0:43:796,48.32,100
36043797,10:0:43:797,48.32,500
36043797,10:0:43:797,48.32,20
36043798,10:0:43:798,48.32,100
36043799,10:0:43:799,48.32,100
36043799,10:0:43:799,48.32,100
36043799,10:0:43:799,48.32,30
36043799,10:0:43:799,48.32,70
36043799,10:0:43:799,48.32,80
36043799,10:0:43:799,48.32,20
36043799,10:0:43:799,48.32,100
36043800,10:0:43:800,48.32,80
36043800,10:0:43:800,48.32,7
36043867,10:0:43:867,48.32,100
36049671,10:0:49:671,48.3161,20
36062421,10:1:2:421,48.32,64
36062509,10:1:2:509,48.32,200
36062553,10:1:2:553,48.31,100
36062553,10:1:2:553,48.31,300
36062553,10:1:2:553,48.31,201
36062553,10:1:2:553,48.31,100
36062553,10:1:2:553,48.31,50
36062553,10:1:2:553,48.31,200
36062554,10:1:2:554,48.3,1
36063057,10:1:3:57,48.31,200
36066848,10:1:6:848,48.3005,130
36073154,10:1:13:154,48.3,200
36073155,10:1:13:155,48.3,99
36073155,10:1:13:155,48.3,100
36073155,10:1:13:155,48.3,100
36073155,10:1:13:155,48.3,100
36073155,10:1:13:155,48.3,100
36073155,10:1:13:155,48.3,100
36073155,10:1:13:155,48.3,100
36073155,10:1:13:155,48.3,100
36073155,10:1:13:155,48.3,100
36073155,10:1:13:155,48.3,100
36073156,10:1:13:156,48.3,100
36073157,10:1:13:157,48.3,100
36079660,10:1:19:660,48.3,100
36080443,10:1:20:443,48.3,400
36080727,10:1:20:727,48.29,100
36080727,10:1:20:727,48.29,100
36080727,10:1:20:727,48.29,100
36080727,10:1:20:727,48.29,200
36080728,10:1:20:728,48.29,100
36080728,10:1:20:728,48.29,100
36080728,10:1:20:728,48.29,100
36080728,10:1:20:728,48.29,74
36080729,10:1:20:729,48.29,3
36080729,10:1:20:729,48.29,97
36080729,10:1:20:729,48.29,3
36080730,10:1:20:730,48.29,100
36085234,10:1:25:234,48.29,100
36094477,10:1:34:477,48.295,100
36094477,10:1:34:477,48.29,300
36094477,10:1:34:477,48.295,100
36094477,10:1:34:477,48.29,426
36094477,10:1:34:477,48.29,100
36094477,10:1:34:477,48.29,100
36094477,10:1:34:477,48.29,100
36094478,10:1:34:478,48.29,100
36094478,10:1:34:478,48.29,100
36094478,10:1:34:478,48.295,200
36094478,10:1:34:478,48.295,100
36094478,10:1:34:478,48.29,100
36094478,10:1:34:478,48.29,6
36094478,10:1:34:478,48.29,94
36094478,10:1:34:478,48.29,100
36094478,10:1:34:478,48.29,100
36094478,10:1:34:478,48.29,100
36094478,10:1:34:478,48.29,100
36094479,10:1:34:479,48.29,103
36094479,10:1:34:479,48.29,97
36094479,10:1:34:479,48.29,103
36094480,10:1:34:480,48.29,3
36094480,10:1:34:480,48.295,6
36094512,10:1:34:512,48.295,103
36094512,10:1:34:512,48.29,103
36094513,10:1:34:513,48.285,100
36094515,10:1:34:515,48.285,100
36094558,10:1:34:558,48.285,100
36094562,10:1:34:562,48.285,94
36094575,10:1:34:575,48.28,6
36094665,10:1:34:665,48.29,100
36094998,10:1:34:998,48.28,100
36095000,10:1:35:0,48.28,90
36095000,10:1:35:0,48.285,200
36095000,10:1:35:0,48.285,300
36095000,10:1:35:0,48.28,410
36095000,10:1:35:0,48.28,100
36095000,10:1:35:0,48.28,300
36095024,10:1:35:24,48.28,3
36095182,10:1:35:182,48.29,500
36095342,10:1:35:342,48.28,100
36108081,10:1:48:81,48.28,16
36108081,10:1:48:81,48.28,16
36108081,10:1:48:81,48.28,16
36108081,10:1:48:81,48.28,100
36108081,10:1:48:81,48.285,200
36108081,10:1:48:81,48.28,183
36108082,10:1:48:82,48.28,97
36108082,10:1:48:82,48.28,200
36108082,10:1:48:82,48.28,33
36108082,10:1:48:82,48.28,102
36108082,10:1:48:82,48.285,100
36108083,10:1:48:83,48.28,100
36108083,10:1:48:83,48.28,100
36108083,10:1:48:83,48.28,100
36108083,10:1:48:83,48.28,100
36108083,10:1:48:83,48.28,5
36108085,10:1:48:85,48.28,2
36108089,10:1:48:89,48.27,44
36108164,10:1:48:164,48.28,100
36108199,10:1:48:199,48.285,200
36108267,10:1:48:267,48.28,100
36108268,10:1:48:268,48.28,100
36108269,10:1:48:269,48.285,67
36108324,10:1:48:324,48.285,100
36110304,10:1:50:304,48.29,100
36110304,10:1:50:304,48.29,100
36110304,10:1:50:304,48.29,100
36110304,10:1:50:304,48.29,100
36110304,10:1:50:304,48.29,100
36110304,10:1:50:304,48.29,200
36110304,10:1:50:304,48.29,100
36110304,10:1:50:304,48.29,7
36110304,10:1:50:304,48.29,100
36110304,10:1:50:304,48.29,300
36112827,10:1:52:827,48.3,100
36113207,10:1:53:207,48.3,700
36116740,10:1:56:740,48.2959,400
36116861,10:1:56:861,48.3,200
36122539,10:2:2:539,48.295,10
36122563,10:2:2:563,48.3,12
36122563,10:2:2:563,48.3,100
36122563,10:2:2:563,48.3,200
36122563,10:2:2:563,48.3,6
36122563,10:2:2:563,48.3,388
36122563,10:2:2:563,48.3,100
36122563,10:2:2:563,48.3,100
36122563,10:2:2:563,48.3,100
36122563,10:2:2:563,48.3,200
36122563,10:2:2:563,48.3,100
36122563,10:2:2:563,48.3,100
36122563,10:2:2:563,48.3,10
36122563,10:2:2:563,48.3,100
36122563,10:2:2:563,48.3,10
36122563,10:2:2:563,48.3,90
36122563,10:2:2:563,48.3,10
36122563,10:2:2:563,48.3,90
36122565,10:2:2:565,48.31,90
36122565,10:2:2:565,48.31,100
36122565,10:2:2:565,48.31,100
36122565,10:2:2:565,48.31,100
36122565,10:2:2:565,48.31,100
36122565,10:2:2:565,48.31,90
36122565,10:2:2:565,48.31,300
36122565,10:2:2:565,48.3,200
36122573,10:2:2:573,48.31,100
36122727,10:2:2:727,48.32,100
36122734,10:2:2:734,48.32,100
36122734,10:2:2:734,48.32,100
36122734,10:2:2:734,48.32,100
36124833,10:2:4:833,48.32,200
36126158,10:2:6:158,48.32,100
36126160,10:2:6:160,48.33,100
36126160,10:2:6:160,48.33,200
36126163,10:2:6:163,48.335,100
36127567,10:2:7:567,48.335,100
36130141,10:2:10:141,48.33,100
36130141,10:2:10:141,48.335,100
36130141,10:2:10:141,48.33,246
36130141,10:2:10:141,48.33,254
36130141,10:2:10:141,48.33,129
36130142,10:2:10:142,48.335,200
36130143,10:2:10:143,48.335,100
36130148,10:2:10:148,48.335,100
36130150,10:2:10:150,48.32,100
36130151,10:2:10:151,48.32,100
36130151,10:2:10:151,48.32,12
36130151,10:2:10:151,48.32,10
36135555,10:2:15:555,48.31,300
36135556,10:2:15:556,48.315,16
36135556,10:2:15:556,48.315,16
36135560,10:2:15:560,48.31,16
36135578,10:2:15:578,48.31,100
36137393,10:2:17:393,48.31,53
36150975,10:2:30:975,48.31,100
36151509,10:2:31:509,48.305,100
36151509,10:2:31:509,48.3,100
36151509,10:2:31:509,48.3,249
36151509,10:2:31:509,48.3,141
36151509,10:2:31:509,48.3,100
36151509,10:2:31:509,48.3,100
36151510,10:2:31:510,48.3,100
36151510,10:2:31:510,48.3,100
36151606,10:2:31:606,48.3,200
36151898,10:2:31:898,48.3,200
36152559,10:2:32:559,48.31,100
36158619,10:2:38:619,48.3,100
36158621,10:2:38:621,48.3,100
36158621,10:2:38:621,48.305,100
36158621,10:2:38:621,48.3,200
36158621,10:2:38:621,48.3,100
36158621,10:2:38:621,48.3,84
36158621,10:2:38:621,48.3,6
36158621,10:2:38:621,48.3,84
36158622,10:2:38:622,48.3,16
36158622,10:2:38:622,48.305,100
36158644,10:2:38:644,48.29,99
36158644,10:2:38:644,48.29,301
36158644,10:2:38:644,48.29,100
36158645,10:2:38:645,48.29,100
36158665,10:2:38:665,48.305,100
36159410,10:2:39:410,48.3,1
36159510,10:2:39:510,48.29,100
36159621,10:2:39:621,48.29,100
36159621,10:2:39:621,48.29,100
36159621,10:2:39:621,48.295,100
36159622,10:2:39:622,48.29,100
36159625,10:2:39:625,48.29,100
36159629,10:2:39:629,48.29,100
36166895,10:2:46:895,48.2905,496
36167689,10:2:47:689,48.29,100
36169205,10:2:49:205,48.295,100
36169205,10:2:49:205,48.29,50
36169205,10:2:49:205,48.295,150
36169205,10:2:49:205,48.29,34
36169205,10:2:49:205,48.29,79
36169205,10:2:49:205,48.295,100
36169206,10:2:49:206,48.29,100
36169206,10:2:49:206,48.29,203
36169206,10:2:49:206,48.29,100
36169206,10:2:49:206,48.29,134
36169207,10:2:49:207,48.29,100
36169207,10:2:49:207,48.29,203
36169207,10:2:49:207,48.29,33
36169207,10:2:49:207,48.29,100
36169207,10:2:49:207,48.29,100
36169207,10:2:49:207,48.295,150
36169208,10:2:49:208,48.29,200
36169214,10:2:49:214,48.29,100
36169216,10:2:49:216,48.29,100
36169216,10:2:49:216,48.29,63
36169217,10:2:49:217,48.29,37
36169332,10:2:49:332,48.295,100
36169421,10:2:49:421,48.295,100
36169421,10:2:49:421,48.29,100
36169422,10:2:49:422,48.295,100
36169423,10:2:49:423,48.29,100
36169423,10:2:49:423,48.29,387
36169423,10:2:49:423,48.29,100
36169423,10:2:49:423,48.29,100
36169423,10:2:49:423,48.29,20
36169423,10:2:49:423,48.29,100
36169426,10:2:49:426,48.295,300
36169444,10:2:49:444,48.29,100
36169627,10:2:49:627,48.29,100
36169627,10:2:49:627,48.29,3
36170363,10:2:50:363,48.295,100
36170363,10:2:50:363,48.29,100
36170647,10:2:50:647,48.295,100
36171228,10:2:51:228,48.295,100
36175488,10:2:55:488,48.295,100
36175488,10:2:55:488,48.29,100
36175488,10:2:55:488,48.29,1
36175531,10:2:55:531,48.295,100
36175643,10:2:55:643,48.295,100
36175644,10:2:55:644,48.29,44
36175646,10:2:55:646,48.29,100
36175648,10:2:55:648,48.295,100
36175852,10:2:55:852,48.295,100
36179765,10:2:59:765,48.3,62
36179768,10:2:59:768,48.295,100
36180199,10:3:0:199,48.29,17
36180199,10:3:0:199,48.295,200
36180199,10:3:0:199,48.29,183
36180199,10:3:0:199,48.29,100
36180199,10:3:0:199,48.29,100
36180199,10:3:0:199,48.29,83
36180200,10:3:0:200,48.29,100
36180200,10:3:0:200,48.29,100
36180200,10:3:0:200,48.29,10
36180202,10:3:0:202,48.29,200
36180206,10:3:0:206,48.295,100
36180377,10:3:0:377,48.29,100
36180378,10:3:0:378,48.295,100
36180378,10:3:0:378,48.29,100
36181203,10:3:1:203,48.295,100
36181775,10:3:1:775,48.295,100
36183819,10:3:3:819,48.295,200
36183819,10:3:3:819,48.295,100
36184781,10:3:4:781,48.29,100
36184781,10:3:4:781,48.295,200
36191485,10:3:11:485,48.295,100
36193202,10:3:13:202,48.3,5
36193202,10:3:13:202,48.3,300
36193202,10:3:13:202,48.3,100
36193202,10:3:13:202,48.3,100
36193202,10:3:13:202,48.3,200
36193202,10:3:13:202,48.3,100
36193202,10:3:13:202,48.3,100
36193202,10:3:13:202,48.3,100
36193203,10:3:13:203,48.31,100
36193204,10:3:13:204,48.32,200
36193204,10:3:13:204,48.32,100
36193204,10:3:13:204,48.32,59
36193204,10:3:13:204,48.32,100
36193205,10:3:13:205,48.32,100
36193205,10:3:13:205,48.32,100
36193206,10:3:13:206,48.32,134
36193206,10:3:13:206,48.32,66
36193206,10:3:13:206,48.32,41
36193206,10:3:13:206,48.32,100
36193206,10:3:13:206,48.325,200
36193206,10:3:13:206,48.325,100
36193206,10:3:13:206,48.325,100
36193206,10:3:13:206,48.32,200
36193206,10:3:13:206,48.32,200
36193206,10:3:13:206,48.32,200
36193206,10:3:13:206,48.32,90
36193206,10:3:13:206,48.32,100
36193206,10:3:13:206,48.32,100
36193206,10:3:13:206,48.32,200
36193206,10:3:13:206,48.32,100
36193207,10:3:13:207,48.32,200
36193207,10:3:13:207,48.32,100
36193208,10:3:13:208,48.32,100
36193209,10:3:13:209,48.325,100
36193209,10:3:13:209,48.32,100
36193210,10:3:13:210,48.32,100
36193250,10:3:13:250,48.32,100
36193682,10:3:13:682,48.325,100
36205957,10:3:25:957,48.33,11
36207880,10:3:27:880,48.33,89
36207880,10:3:27:880,48.33,11
36207880,10:3:27:880,48.33,4
36207880,10:3:27:880,48.33,135
36207880,10:3:27:880,48.33,165
36207880,10:3:27:880,48.33,100
36207880,10:3:27:880,48.33,100
36207880,10:3:27:880,48.33,200
36207880,10:3:27:880,48.33,11
36207881,10:3:27:881,48.33,100
36207881,10:3:27:881,48.33,100
36207881,10:3:27:881,48.33,11
36207881,10:3:27:881,48.33,89
36207887,10:3:27:887,48.33,100
36207897,10:3:27:897,48.34,100
36207898,10:3:27:898,48.34,100
36212325,10:3:32:325,48.35,100
36212325,10:3:32:325,48.35,100
36212326,10:3:32:326,48.35,100
36212326,10:3:32:326,48.35,10
36212326,10:3:32:326,48.35,10
36212326,10:3:32:326,48.35,90
36212360,10:3:32:360,48.36,100
36212360,10:3:32:360,48.36,100
36212360,10:3:32:360,48.36,300
36212380,10:3:32:380,48.37,100
36212381,10:3:32:381,48.37,100
36214438,10:3:34:438,48.37,300
36214440,10:3:34:440,48.38,88
36214448,10:3:34:448,48.38,100
36214692,10:3:34:692,48.38,100
36214692,10:3:34:692,48.38,100
36214692,10:3:34:692,48.38,100
36214692,10:3:34:692,48.38,100
36214692,10:3:34:692,48.38,12
36214693,10:3:34:693,48.38,100
36214694,10:3:34:694,48.38,100
36214696,10:3:34:696,48.38,200
36214698,10:3:34:698,48.38,100
36214713,10:3:34:713,48.38,100
36214723,10:3:34:723,48.38,43
36214724,10:3:34:724,48.38,57
36214724,10:3:34:724,48.38,10
36215565,10:3:35:565,48.39,50
36227901,10:3:47:901,48.38,3
36233347,10:3:53:347,48.38,100
36243749,10:4:3:749,48.39,300
36249729,10:4:9:729,48.38,100
36254780,10:4:14:780,48.38,200
36254780,10:4:14:780,48.38,100
36254780,10:4:14:780,48.38,35
36254780,10:4:14:780,48.38,65
36254780,10:4:14:780,48.38,100
36254781,10:4:14:781,48.39,100
36254781,10:4:14:781,48.39,100
36254781,10:4:14:781,48.39,100
36254781,10:4:14:781,48.39,100
36254783,10:4:14:783,48.385,100
36254784,10:4:14:784,48.39,100
36254784,10:4:14:784,48.39,200
36254784,10:4:14:784,48.39,100
36254784,10:4:14:784,48.39,100
36254784,10:4:14:784,48.39,100
36254785,10:4:14:785,48.39,100
36254813,10:4:14:813,48.39,100
36260376,10:4:20:376,48.39,100
36260376,10:4:20:376,48.39,40
36260376,10:4:20:376,48.39,100
36260376,10:4:20:376,48.39,100
36260376,10:4:20:376,48.39,280
36260386,10:4:20:386,48.39,100
36260393,10:4:20:393,48.39,100
36260421,10:4:20:421,48.38,100
36265006,10:4:25:6,48.39,100
36265007,10:4:25:7,48.39,100
36268789,10:4:28:789,48.38,100
36268789,10:4:28:789,48.38,400
36268789,10:4:28:789,48.38,200
36268789,10:4:28:789,48.38,100
36268789,10:4:28:789,48.38,100
36268794,10:4:28:794,48.38,200
36282478,10:4:42:478,48.38,200
36282478,10:4:42:478,48.38,100
36282479,10:4:42:479,48.39,50
36282479,10:4:42:479,48.38,100
36282479,10:4:42:479,48.38,200
36282479,10:4:42:479,48.38,100
36282479,10:4:42:479,48.39,50
36282479,10:4:42:479,48.39,100
36282479,10:4:42:479,48.38,100
36282479,10:4:42:479,48.38,100
36282479,10:4:42:479,48.38,100
36282480,10:4:42:480,48.38,100
36295581,10:4:55:581,48.38,200
36295581,10:4:55:581,48.38,100
36295581,10:4:55:581,48.38,100
36295581,10:4:55:581,48.38,100
36295581,10:4:55:581,48.38,9
36295581,10:4:55:581,48.38,50
36295581,10:4:55:581,48.38,41
36295687,10:4:55:687,48.38,100
36295717,10:4:55:717,48.38,100
36298992,10:4:58:992,48.39,152
36309959,10:5:9:959,48.37,2
36321974,10:5:21:974,48.37,100
36321974,10:5:21:974,48.38,100
36321974,10:5:21:974,48.38,100
36321974,10:5:21:974,48.37,100
36321974,10:5:21:974,48.37,100
36321975,10:5:21:975,48.37,41
36321975,10:5:21:975,48.37,100
36321975,10:5:21:975,48.37,100
36321976,10:5:21:976,48.37,100
36321976,10:5:21:976,48.37,41
36321976,10:5:21:976,48.37,100
36321976,10:5:21:976,48.37,500
36321976,10:5:21:976,48.37,209
36321976,10:5:21:976,48.37,450
36321976,10:5:21:976,48.37,500
36321976,10:5:21:976,48.37,59
36321976,10:5:21:976,48.37,78
36321977,10:5:21:977,48.37,100
36321977,10:5:21:977,48.37,100
36321977,10:5:21:977,48.37,100
36321977,10:5:21:977,48.37,100
36321978,10:5:21:978,48.37,100
36321978,10:5:21:978,48.37,100
36321979,10:5:21:979,48.37,100
36321980,10:5:21:980,48.37,100
36322023,10:5:22:23,48.38,100
36322187,10:5:22:187,48.37,100
36322187,10:5:22:187,48.37,100
36322195,10:5:22:195,48.37,100
36322198,10:5:22:198,48.37,100
36322348,10:5:22:348,48.38,100
36322876,10:5:22:876,48.37,20
36322880,10:5:22:880,48.37,100
36322882,10:5:22:882,48.37,100
36322882,10:5:22:882,48.37,100
36322883,10:5:22:883,48.37,2
36322883,10:5:22:883,48.37,8
36322883,10:5:22:883,48.37,10
36322883,10:5:22:883,48.37,10
36322885,10:5:22:885,48.37,98
36322885,10:5:22:885,48.37,2
36322885,10:5:22:885,48.37,30
36322888,10:5:22:888,48.37,200
36322888,10:5:22:888,48.37,70
36322889,10:5:22:889,48.37,70
36322904,10:5:22:904,48.37,70
36322906,10:5:22:906,48.36,100
36322906,10:5:22:906,48.36,100
36322906,10:5:22:906,48.37,100
36322906,10:5:22:906,48.37,100
36322906,10:5:22:906,48.37,100
36322906,10:5:22:906,48.37,200
36322906,10:5:22:906,48.37,100
36323089,10:5:23:89,48.36,100
36323089,10:5:23:89,48.37,100
36323089,10:5:23:89,48.37,20
36323091,10:5:23:91,48.36,100
36323091,10:5:23:91,48.36,100
36323091,10:5:23:91,48.36,100
36323091,10:5:23:91,48.36,100
36323091,10:5:23:91,48.36,100
36323092,10:5:23:92,48.37,100
36323095,10:5:23:95,48.37,100
36323100,10:5:23:100,48.38,100
36323100,10:5:23:100,48.38,100
36323100,10:5:23:100,48.38,100
36323101,10:5:23:101,48.38,100
36323102,10:5:23:102,48.37,100
36323102,10:5:23:102,48.38,40
36323105,10:5:23:105,48.38,100
36323108,10:5:23:108,48.38,100
36323220,10:5:23:220,48.37,300
36323591,10:5:23:591,48.37,100
36323591,10:5:23:591,48.37,100
36323592,10:5:23:592,48.37,80
36323908,10:5:23:908,48.37,100
36327100,10:5:27:100,48.37,3
36332009,10:5:32:9,48.35,100
36332010,10:5:32:10,48.35,10
36332011,10:5:32:11,48.35,100
36332011,10:5:32:11,48.35,100
36333303,10:5:33:303,48.3596,1
36334848,10:5:34:848,48.35,100
36335458,10:5:35:458,48.35,100
36336677,10:5:36:677,48.35,100
36336678,10:5:36:678,48.35,100
36338044,10:5:38:44,48.35,10
36338046,10:5:38:46,48.34,100
36338048,10:5:38:48,48.34,100
36338048,10:5:38:48,48.35,100
36338050,10:5:38:50,48.345,100
36338050,10:5:38:50,48.34,100
36338050,10:5:38:50,48.34,100
36338052,10:5:38:52,48.34,73
36338052,10:5:38:52,48.34,100
36338052,10:5:38:52,48.34,100
36338297,10:5:38:297,48.34,100
36339026,10:5:39:26,48.34,300
36339045,10:5:39:45,48.33,350
36339045,10:5:39:45,48.33,500
36339046,10:5:39:46,48.33,50
36339046,10:5:39:46,48.33,100
36339056,10:5:39:56,48.32,100
36339056,10:5:39:56,48.32,100
36339056,10:5:39:56,48.32,100
36339226,10:5:39:226,48.32,100
36339330,10:5:39:330,48.335,100
36340373,10:5:40:373,48.32,100
36340598,10:5:40:598,48.32,100
36340599,10:5:40:599,48.32,100
36340599,10:5:40:599,48.32,100
36340599,10:5:40:599,48.32,57
36340599,10:5:40:599,48.32,80
36345350,10:5:45:350,48.31,100
36348125,10:5:48:125,48.32,100
36351575,10:5:51:575,48.32,100
36353944,10:5:53:944,48.32,100
36354220,10:5:54:220,48.31,34
36356589,10:5:56:589,48.31,100
36356808,10:5:56:808,48.31,100
36356813,10:5:56:813,48.32,100
36356909,10:5:56:909,48.31,100
36357508,10:5:57:508,48.3,40
36357897,10:5:57:897,48.3,101
36357898,10:5:57:898,48.3,60
36363312,10:6:3:312,48.29,100
36373319,10:6:13:319,48.29,100
36374409,10:6:14:409,48.27,100
36382553,10:6:22:553,48.29,100
36385621,10:6:25:621,48.285,100
36385621,10:6:25:621,48.285,100
36387686,10:6:27:686,48.29,200
36394330,10:6:34:330,48.29,100
36395370,10:6:35:370,48.29,100
36395719,10:6:35:719,48.29,100
36400709,10:6:40:709,48.29,100
36400709,10:6:40:709,48.29,100
36401089,10:6:41:89,48.29,100
36401978,10:6:41:978,48.3,300
36401978,10:6:41:978,48.3,100
36401978,10:6:41:978,48.3,100
36401978,10:6:41:978,48.3,100
36401978,10:6:41:978,48.3,100
36401978,10:6:41:978,48.3,1
36401978,10:6:41:978,48.3,100
36401978,10:6:41:978,48.3,100
36401978,10:6:41:978,48.3,100
36401978,10:6:41:978,48.3,100
36401978,10:6:41:978,48.3,100
36401978,10:6:41:978,48.3,100
36401979,10:6:41:979,48.31,100
36401979,10:6:41:979,48.31,100
36401979,10:6:41:979,48.31,100
36411113,10:6:51:113,48.3,200
36411113,10:6:51:113,48.3,100
36411118,10:6:51:118,48.29,100
36411118,10:6:51:118,48.29,100
36411151,10:6:51:151,48.29,100
36411151,10:6:51:151,48.29,100
36415288,10:6:55:288,48.29,100
36420479,10:7:0:479,48.3,100
36420479,10:7:0:479,48.3,100
36428774,10:7:8:774,48.29,100
36430620,10:7:10:620,48.3,300
36431221,10:7:11:221,48.3,500
36436875,10:7:16:875,48.29,100
36436875,10:7:16:875,48.29,100
36436875,10:7:16:875,48.29,100
36436875,10:7:16:875,48.29,100
36436875,10:7:16:875,48.29,51
36436875,10:7:16:875,48.29,100
36436875,10:7:16:875,48.29,41
36436876,10:7:16:876,48.29,7
36436876,10:7:16:876,48.29,93
36436876,10:7:16:876,48.29,8
36436876,10:7:16:876,48.28,63
36436880,10:7:16:880,48.29,100
36436880,10:7:16:880,48.29,150
36436883,10:7:16:883,48.29,100
36439615,10:7:19:615,48.275,20
36439631,10:7:19:631,48.27,100
36439631,10:7:19:631,48.275,100
36439633,10:7:19:633,48.275,20
36439789,10:7:19:789,48.26,100
36439801,10:7:19:801,48.26,100
36439802,10:7:19:802,48.26,100
36439898,10:7:19:898,48.26,100
36439900,10:7:19:900,48.26,100
36439900,10:7:19:900,48.28,100
36439900,10:7:19:900,48.28,68
36440135,10:7:20:135,48.27,100
36440621,10:7:20:621,48.26,100
36440621,10:7:20:621,48.26,100
36440621,10:7:20:621,48.26,100
36440622,10:7:20:622,48.26,10
36441087,10:7:21:87,48.265,100
36441091,10:7:21:91,48.265,100
36441093,10:7:21:93,48.26,100
36444705,10:7:24:705,48.26,100
36445285,10:7:25:285,48.26,100
36445287,10:7:25:287,48.26,100
36450974,10:7:30:974,48.27,200
36452012,10:7:32:12,48.26,100
36452013,10:7:32:13,48.265,60
36452013,10:7:32:13,48.26,40
36452014,10:7:32:14,48.26,15
36452014,10:7:32:14,48.26,100
36452015,10:7:32:15,48.26,100
36452015,10:7:32:15,48.26,100
36452015,10:7:32:15,48.26,100
36452017,10:7:32:17,48.265,100
36452018,10:7:32:18,48.265,100
36455335,10:7:35:335,48.26,87
36455335,10:7:35:335,48.26,100
36455335,10:7:35:335,48.26,13
36455335,10:7:35:335,48.26,100
36455335,10:7:35:335,48.26,87
36455335,10:7:35:335,48.26,13
36455338,10:7:35:338,48.26,100
36455345,10:7:35:345,48.265,150
36455393,10:7:35:393,48.26,100
36455393,10:7:35:393,48.26,100
36455394,10:7:35:394,48.26,100
36455394,10:7:35:394,48.26,5
36455402,10:7:35:402,48.26,100
36455413,10:7:35:413,48.26,100
36455413,10:7:35:413,48.26,100
36457103,10:7:37:103,48.26,100
36457115,10:7:37:115,48.26,100
36458838,10:7:38:838,48.26,100
36458838,10:7:38:838,48.26,100
36458838,10:7:38:838,48.26,200
36458844,10:7:38:844,48.26,100
36459108,10:7:39:108,48.26,100
36459109,10:7:39:109,48.26,100
36459114,10:7:39:114,48.26,100
36463628,10:7:43:628,48.26,100
36463630,10:7:43:630,48.26,100
36463631,10:7:43:631,48.25,100
36463632,10:7:43:632,48.26,100
36463632,10:7:43:632,48.26,100
36463632,10:7:43:632,48.25,100
36463634,10:7:43:634,48.25,100
36463634,10:7:43:634,48.26,100
36463634,10:7:43:634,48.25,100
36463634,10:7:43:634,48.25,100
36463634,10:7:43:634,48.25,100
36463637,10:7:43:637,48.25,100
36463638,10:7:43:638,48.26,100
36463638,10:7:43:638,48.26,100
36463638,10:7:43:638,48.25,100
36463641,10:7:43:641,48.25,100
36463642,10:7:43:642,48.26,100
36463646,10:7:43:646,48.25,100
36463646,10:7:43:646,48.26,100
36463808,10:7:43:808,48.26,100
36465371,10:7:45:371,48.26,100
36465375,10:7:45:375,48.26,100
36465592,10:7:45:592,48.27,36
36466013,10:7:46:13,48.26,100
36471304,10:7:51:304,48.25,1003
36471304,10:7:51:304,48.25,1497
36471304,10:7:51:304,48.25,300
36471305,10:7:51:305,48.24,100
36471305,10:7:51:305,48.24,100
36471305,10:7:51:305,48.25,100
36471305,10:7:51:305,48.24,73
36471306,10:7:51:306,48.25,100
36471306,10:7:51:306,48.25,100
36471306,10:7:51:306,48.23,100
36471310,10:7:51:310,48.26,100
36471311,10:7:51:311,48.23,100
36471311,10:7:51:311,48.23,100
36471311,10:7:51:311,48.23,100
36471312,10:7:51:312,48.22,1
36472230,10:7:52:230,48.22,100
36472246,10:7:52:246,48.22,100
36472356,10:7:52:356,48.22,124
36472422,10:7:52:422,48.22,100
36472423,10:7:52:423,48.22,176
36472944,10:7:52:944,48.21,100
36475459,10:7:55:459,48.21,124
36475460,10:7:55:460,48.22,24
36476153,10:7:56:153,48.22,100
36476154,10:7:56:154,48.22,200
36476154,10:7:56:154,48.22,100
36476169,10:7:56:169,48.22,100
36476172,10:7:56:172,48.22,100
36478370,10:7:58:370,48.22,100
36479730,10:7:59:730,48.23,100
36479730,10:7:59:730,48.23,100
36479730,10:7:59:730,48.23,100
36479730,10:7:59:730,48.23,100
36479730,10:7:59:730,48.23,100
36479730,10:7:59:730,48.23,13
36479730,10:7:59:730,48.23,100
36479730,10:7:59:730,48.23,87
36479731,10:7:59:731,48.23,100
36479731,10:7:59:731,48.23,100
36484939,10:8:4:939,48.22,100
36484939,10:8:4:939,48.22,300
36485800,10:8:5:800,48.21,100
36485908,10:8:5:908,48.2,100
36485909,10:8:5:909,48.2,60
36485910,10:8:5:910,48.2,58
36485911,10:8:5:911,48.2,32
36494351,10:8:14:351,48.2,100
36494351,10:8:14:351,48.2,100
36494352,10:8:14:352,48.2,100
36494352,10:8:14:352,48.2,100
36494352,10:8:14:352,48.2,24
36494502,10:8:14:502,48.2,100
36498783,10:8:18:783,48.205,10
36499136,10:8:19:136,48.2,100
36499339,10:8:19:339,48.2075,146
36499712,10:8:19:712,48.2,126
36499713,10:8:19:713,48.2,100
36499713,10:8:19:713,48.2,100
36499713,10:8:19:713,48.2,400
36499713,10:8:19:713,48.2,57
36499722,10:8:19:722,48.2,100
36500006,10:8:20:6,48.18,1
36500369,10:8:20:369,48.18,99
36500369,10:8:20:369,48.18,73
36501484,10:8:21:484,48.17,459
36502007,10:8:22:7,48.16,100
36502174,10:8:22:174,48.16,100
36502453,10:8:22:453,48.15,100
36502571,10:8:22:571,48.1499,110
36502665,10:8:22:665,48.1499,110
36502772,10:8:22:772,48.1499,110
36502869,10:8:22:869,48.1499,110
36503471,10:8:23:471,48.13,100
36504506,10:8:24:506,48.14,100
36504506,10:8:24:506,48.14,100
36504506,10:8:24:506,48.14,100
36504506,10:8:24:506,48.14,100
36534298,10:8:54:298,48.149,42
36537661,10:8:57:661,48.135,100
36537709,10:8:57:709,48.12,100
36537710,10:8:57:710,48.12,28
36537710,10:8:57:710,48.12,27
36537710,10:8:57:710,48.12,45
36537711,10:8:57:711,48.12,100
36537711,10:8:57:711,48.12,100
36537712,10:8:57:712,48.11,100
36537712,10:8:57:712,48.11,100
36537717,10:8:57:717,48.11,100
36537723,10:8:57:723,48.11,100
36537724,10:8:57:724,48.11,100
36537726,10:8:57:726,48.11,100
36537726,10:8:57:726,48.11,100
36537978,10:8:57:978,48.1,10
36538102,10:8:58:102,48.1,100
36538103,10:8:58:103,48.1,100
36538103,10:8:58:103,48.1,100
36538103,10:8:58:103,48.1,10
36538103,10:8:58:103,48.1,100
36538104,10:8:58:104,48.1,90
36538104,10:8:58:104,48.1,10
36538107,10:8:58:107,48.1,100
36538207,10:8:58:207,48.11,100
36538267,10:8:58:267,48.1,100
36538357,10:8:58:357,48.11,100
36538433,10:8:58:433,48.1,100
36539007,10:8:59:7,48.11,200
36539008,10:8:59:8,48.11,100
36539810,10:8:59:810,48.12,100
36540368,10:9:0:368,48.1,1
36540486,10:9:0:486,48.1,100
36541428,10:9:1:428,48.11,100
36541428,10:9:1:428,48.11,100
36541428,10:9:1:428,48.11,100
36541428,10:9:1:428,48.11,100
36541428,10:9:1:428,48.11,200
36541428,10:9:1:428,48.11,100
36541428,10:9:1:428,48.11,100
36541428,10:9:1:428,48.11,100
36541428,10:9:1:428,48.11,200
36541428,10:9:1:428,48.11,100
36541699,10:9:1:699,48.11,100
36542377,10:9:2:377,48.11,100
36542405,10:9:2:405,48.1,100
36547463,10:9:7:463,48.1,99
36547463,10:9:7:463,48.1,1
36547463,10:9:7:463,48.1,89
36547464,10:9:7:464,48.1,100
36547464,10:9:7:464,48.1,100
36547464,10:9:7:464,48.1,200
36547464,10:9:7:464,48.1,100
36547464,10:9:7:464,48.1,50
36547465,10:9:7:465,48.1,50
36547465,10:9:7:465,48.1,10
36547465,10:9:7:465,48.1,100
36547465,10:9:7:465,48.1,10
36547465,10:9:7:465,48.1,10
36547469,10:9:7:469,48.1,11
36547569,10:9:7:569,48.09,100
36550027,10:9:10:27,48.08,267
36550027,10:9:10:27,48.09,57
36550027,10:9:10:27,48.08,43
36551391,10:9:11:391,48.08,100
36551430,10:9:11:430,48.07,100
36551439,10:9:11:439,48.07,100
36552158,10:9:12:158,48.07,1
36553499,10:9:13:499,48.09,200
36553499,10:9:13:499,48.09,100
36553499,10:9:13:499,48.09,100
36553499,10:9:13:499,48.09,200
36553499,10:9:13:499,48.09,17
36553499,10:9:13:499,48.09,100
36553499,10:9:13:499,48.09,100
36553499,10:9:13:499,48.09,100
36553836,10:9:13:836,48.1,100
36553836,10:9:13:836,48.1,100
36553836,10:9:13:836,48.1,200
36553837,10:9:13:837,48.11,200
36553837,10:9:13:837,48.11,100
36553837,10:9:13:837,48.11,100
36553837,10:9:13:837,48.11,100
36553837,10:9:13:837,48.11,100
36553837,10:9:13:837,48.11,100
36553840,10:9:13:840,48.11,100
36554078,10:9:14:78,48.1,100
36558484,10:9:18:484,48.11,100
36564114,10:9:24:114,48.12,200
36564114,10:9:24:114,48.12,100
36564114,10:9:24:114,48.12,100
36564115,10:9:24:115,48.12,100
36564115,10:9:24:115,48.12,97
36564115,10:9:24:115,48.12,3
36564115,10:9:24:115,48.12,100
36564115,10:9:24:115,48.12,100
36564115,10:9:24:115,48.12,7
36564115,10:9:24:115,48.12,13
36564115,10:9:24:115,48.12,100
36564115,10:9:24:115,48.12,100
36564115,10:9:24:115,48.12,273
36564115,10:9:24:115,48.12,27
36564115,10:9:24:115,48.12,87
36564116,10:9:24:116,48.12,100
36564118,10:9:24:118,48.13,100
36564118,10:9:24:118,48.13,100
36564180,10:9:24:180,48.12,100
36564619,10:9:24:619,48.13,100
36564619,10:9:24:619,48.13,300
36564619,10:9:24:619,48.13,100
36567250,10:9:27:250,48.2855,100
36567251,10:9:27:251,48.2855,200
36568423,10:9:28:423,48.14,63
36568423,10:9:28:423,48.14,37
36569175,10:9:29:175,48.14,100
36569175,10:9:29:175,48.14,100
36569179,10:9:29:179,48.15,100
36569179,10:9:29:179,48.14,100
36569179,10:9:29:179,48.14,200
36569179,10:9:29:179,48.15,100
36569195,10:9:29:195,48.16,100
36572201,10:9:32:201,48.16,100
36572629,10:9:32:629,48.16,100
36579160,10:9:39:160,48.14,100
36579164,10:9:39:164,48.14,100
36587535,10:9:47:535,48.14,100
36587535,10:9:47:535,48.14,62
36587535,10:9:47:535,48.14,38
36587535,10:9:47:535,48.14,6
36592742,10:9:52:742,48.15,200
36592757,10:9:52:757,48.14,100
36592758,10:9:52:758,48.14,100
36592783,10:9:52:783,48.14,100
36601487,10:10:1:487,48.13,100
36601487,10:10:1:487,48.13,100
36612493,10:10:12:493,48.14,38
36612493,10:10:12:493,48.14,62
36612493,10:10:12:493,48.15,100
36620087,10:10:20:87,48.14,100
36620200,10:10:20:200,48.14,100
36627362,10:10:27:362,48.14,200
36628504,10:10:28:504,48.14,100
36628504,10:10:28:504,48.14,400
36628505,10:10:28:505,48.14,2
36628505,10:10:28:505,48.14,100
36628505,10:10:28:505,48.14,100
36628505,10:10:28:505,48.14,200
36628505,10:10:28:505,48.14,48
36630601,10:10:30:601,48.15,200
36630601,10:10:30:601,48.15,100
36630602,10:10:30:602,48.15,100
36630602,10:10:30:602,48.15,100
36630602,10:10:30:602,48.15,100
36630602,10:10:30:602,48.15,100
36630602,10:10:30:602,48.15,18
36630602,10:10:30:602,48.15,9
36641036,10:10:41:36,48.1531,207
36647082,10:10:47:82,48.145,100
36682799,10:11:22:799,48.16,140
36682800,10:11:22:800,48.16,140
36682800,10:11:22:800,48.16,100
36682800,10:11:22:800,48.16,20
36682940,10:11:22:940,48.16,4
36684699,10:11:24:699,48.16,11
36684699,10:11:24:699,48.16,3
36686436,10:11:26:436,48.15,100
36719482,10:11:59:482,48.14,400
36719482,10:11:59:482,48.14,100
36719482,10:11:59:482,48.14,100
36719482,10:11:59:482,48.15,100
36719482,10:11:59:482,48.14,100
36719482,10:11:59:482,48.14,401
36719482,10:11:59:482,48.14,100
36719482,10:11:59:482,48.14,401
36719483,10:11:59:483,48.14,300
36719483,10:11:59:483,48.14,100
36719483,10:11:59:483,48.14,200
36719483,10:11:59:483,48.14,100
36719483,10:11:59:483,48.14,100
36719483,10:11:59:483,48.14,187
36719483,10:11:59:483,48.14,100
36719483,10:11:59:483,48.14,100
36719483,10:11:59:483,48.13,100
36719483,10:11:59:483,48.14,12
36719483,10:11:59:483,48.14,99
36719483,10:11:59:483,48.14,1
36719483,10:11:59:483,48.14,99
36719484,10:11:59:484,48.14,100
36719484,10:11:59:484,48.14,1
36719484,10:11:59:484,48.14,99
36719484,10:11:59:484,48.14,1
36719484,10:11:59:484,48.14,100
36719485,10:11:59:485,48.13,100
36719485,10:11:59:485,48.14,100
36719605,10:11:59:605,48.14,100
36719692,10:11:59:692,48.14,100
36719692,10:11:59:692,48.14,1
36719694,10:11:59:694,48.14,56
36719706,10:11:59:706,48.14,100
36719706,10:11:59:706,48.14,100
36719706,10:11:59:706,48.14,100
36719706,10:11:59:706,48.14,10
36719706,10:11:59:706,48.14,100
36719706,10:11:59:706,48.14,30
36719708,10:11:59:708,48.135,100
36719711,10:11:59:711,48.14,43
36719712,10:11:59:712,48.14,27
36720065,10:12:0:65,48.15,100
36721400,10:12:1:400,48.15,200
36721401,10:12:1:401,48.15,200
36721401,10:12:1:401,48.15,59
36721402,10:12:1:402,48.15,100
36721402,10:12:1:402,48.15,100
36721402,10:12:1:402,48.15,100
36721402,10:12:1:402,48.15,100
36721402,10:12:1:402,48.15,100
36721403,10:12:1:403,48.15,100
36721404,10:12:1:404,48.15,200
36722199,10:12:2:199,48.15,100
36724630,10:12:4:630,48.14,20
36725089,10:12:5:89,48.14,21
36725089,10:12:5:89,48.14,59
36725089,10:12:5:89,48.14,41
36725091,10:12:5:91,48.14,43
36726537,10:12:6:537,48.13,100
36726537,10:12:6:537,48.13,100
36726537,10:12:6:537,48.13,100
36726537,10:12:6:537,48.13,100
36726537,10:12:6:537,48.13,100
36726537,10:12:6:537,48.13,100
36726537,10:12:6:537,48.13,100
36726537,10:12:6:537,48.13,10
36726537,10:12:6:537,48.13,100
36726537,10:12:6:537,48.13,100
36726537,10:12:6:537,48.13,100
36726537,10:12:6:537,48.13,100
36726537,10:12:6:537,48.13,100
36726538,10:12:6:538,48.13,100
36726592,10:12:6:592,48.12,100
36726702,10:12:6:702,48.13,300
36726735,10:12:6:735,48.13,100
36726735,10:12:6:735,48.13,100
36726739,10:12:6:739,48.13,10
36726739,10:12:6:739,48.13,100
36726740,10:12:6:740,48.13,33
36726741,10:12:6:741,48.13,10
36726741,10:12:6:741,48.13,100
36726741,10:12:6:741,48.13,67
36726741,10:12:6:741,48.13,28
36726886,10:12:6:886,48.13,20
36726987,10:12:6:987,48.14,100
36726989,10:12:6:989,48.14,200
36735373,10:12:15:373,48.13,100
36735416,10:12:15:416,48.13,20
36735416,10:12:15:416,48.13,80
36735416,10:12:15:416,48.13,100
36735416,10:12:15:416,48.13,95
36736846,10:12:16:846,48.1343,250
36738927,10:12:18:927,48.135,100
36742484,10:12:22:484,48.135,100
36742708,10:12:22:708,48.13,100
36746800,10:12:26:800,48.13,100
36746801,10:12:26:801,48.13,100
36747480,10:12:27:480,48.135,100
36747488,10:12:27:488,48.13,5
36747488,10:12:27:488,48.13,100
36747488,10:12:27:488,48.13,95
36747488,10:12:27:488,48.13,5
36747488,10:12:27:488,48.13,100
36747494,10:12:27:494,48.13,10
36747494,10:12:27:494,48.13,100
36747494,10:12:27:494,48.13,100
36747494,10:12:27:494,48.13,300
36747494,10:12:27:494,48.13,10
36747494,10:12:27:494,48.13,100
36747495,10:12:27:495,48.13,100
36747495,10:12:27:495,48.13,100
36747495,10:12:27:495,48.13,100
36747495,10:12:27:495,48.13,100
36748447,10:12:28:447,48.13,100
36748455,10:12:28:455,48.13,100
36755091,10:12:35:91,48.14,100
36755091,10:12:35:91,48.14,100
36755091,10:12:35:91,48.14,100
36755091,10:12:35:91,48.14,100
36755091,10:12:35:91,48.14,100
36755091,10:12:35:91,48.14,200
36755091,10:12:35:91,48.14,37
36755091,10:12:35:91,48.14,10
36755091,10:12:35:91,48.14,100
36755092,10:12:35:92,48.14,63
36755092,10:12:35:92,48.14,100
36755092,10:12:35:92,48.14,100
36755095,10:12:35:95,48.15,100
36755271,10:12:35:271,48.14,20
36755593,10:12:35:593,48.14,100
36755599,10:12:35:599,48.14,100
36755600,10:12:35:600,48.14,100
36755600,10:12:35:600,48.14,100
36756078,10:12:36:78,48.14,100
36756078,10:12:36:78,48.14,100
36756079,10:12:36:79,48.14,100
36756079,10:12:36:79,48.14,10
36756079,10:12:36:79,48.14,100
36756079,10:12:36:79,48.14,100
36756079,10:12:36:79,48.14,10
36756094,10:12:36:94,48.145,10
36756270,10:12:36:270,48.15,337
36756271,10:12:36:271,48.15,200
36756271,10:12:36:271,48.15,100
36756272,10:12:36:272,48.15,100
36756272,10:12:36:272,48.15,100
36758999,10:12:38:999,48.1577,2500
36761637,10:12:41:637,48.13,100
36768013,10:12:48:13,48.13,100
36769493,10:12:49:493,48.14,100
36769500,10:12:49:500,48.14,68
36770920,10:12:50:920,48.14,100
36771482,10:12:51:482,48.135,100
36776480,10:12:56:480,48.135,100
36781009,10:13:1:9,48.13,100
36781010,10:13:1:10,48.13,70
36781480,10:13:1:480,48.135,100
36781485,10:13:1:485,48.13,1
36782633,10:13:2:633,48.13,99
36782633,10:13:2:633,48.13,100
36782634,10:13:2:634,48.12,87
36782634,10:13:2:634,48.12,100
36782634,10:13:2:634,48.12,201
36782634,10:13:2:634,48.12,100
36782634,10:13:2:634,48.12,100
36783405,10:13:3:405,48.12,100
36783410,10:13:3:410,48.12,100
36783645,10:13:3:645,48.11,86
36790068,10:13:10:68,48.12,200
36793127,10:13:13:127,48.11,100
36793128,10:13:13:128,48.11,100
36799281,10:13:19:281,48.11,100
36799839,10:13:19:839,48.11,100
36799839,10:13:19:839,48.11,55
36799839,10:13:19:839,48.11,100
36799839,10:13:19:839,48.11,2
36799839,10:13:19:839,48.11,100
36799839,10:13:19:839,48.11,200
36801834,10:13:21:834,48.105,100
36801918,10:13:21:918,48.105,100
36803190,10:13:23:190,48.105,200
36803492,10:13:23:492,48.1,100
36803492,10:13:23:492,48.1,100
36803492,10:13:23:492,48.1,100
36803492,10:13:23:492,48.1,100
36803493,10:13:23:493,48.1,57
36803499,10:13:23:499,48.1,100
36803698,10:13:23:698,48.1,100
36805111,10:13:25:111,48.09,100
36809285,10:13:29:285,48.095,100
36810911,10:13:30:911,48.1,100
36811014,10:13:31:14,48.1,100
36811106,10:13:31:106,48.1,10
36811106,10:13:31:106,48.1,100
36811106,10:13:31:106,48.1,100
36811106,10:13:31:106,48.1,100
36811106,10:13:31:106,48.1,200
36811106,10:13:31:106,48.1,100
36811106,10:13:31:106,48.1,100
36811107,10:13:31:107,48.11,100
36811107,10:13:31:107,48.11,100
36811107,10:13:31:107,48.11,200
36811107,10:13:31:107,48.11,100
36811107,10:13:31:107,48.11,100
36811107,10:13:31:107,48.11,100
36811115,10:13:31:115,48.11,100
36811156,10:13:31:156,48.1,800
36811313,10:13:31:313,48.12,200
36812215,10:13:32:215,48.12,100
36813049,10:13:33:49,48.115,100
36814511,10:13:34:511,48.12,100
36814511,10:13:34:511,48.12,100
36814511,10:13:34:511,48.12,200
36816237,10:13:36:237,48.125,100
36816354,10:13:36:354,48.125,100
36818662,10:13:38:662,48.12,100
36818664,10:13:38:664,48.12,100
36818671,10:13:38:671,48.12,100
36818715,10:13:38:715,48.12,100
36818817,10:13:38:817,48.125,100
36818821,10:13:38:821,48.1202,100
36820012,10:13:40:12,48.125,45
36820013,10:13:40:13,48.1202,45
36821115,10:13:41:115,48.12,100
36821115,10:13:41:115,48.12,200
36821116,10:13:41:116,48.11,100
36822514,10:13:42:514,48.115,100
36823372,10:13:43:372,48.11,100
36823375,10:13:43:375,48.115,100
36823556,10:13:43:556,48.11,100
36823806,10:13:43:806,48.11,55
36824277,10:13:44:277,48.1102,8
36842396,10:14:2:396,48.12,200
36858436,10:14:18:436,48.11,100
36858436,10:14:18:436,48.11,200
36858436,10:14:18:436,48.11,100
36858436,10:14:18:436,48.11,100
36858436,10:14:18:436,48.11,100
36858436,10:14:18:436,48.11,200
36858436,10:14:18:436,48.11,100
36858436,10:14:18:436,48.11,100
36858436,10:14:18:436,48.11,100
36858436,10:14:18:436,48.11,100
36858436,10:14:18:436,48.11,100
36858436,10:14:18:436,48.11,100
36858436,10:14:18:436,48.11,47
36858437,10:14:18:437,48.11,100
36858437,10:14:18:437,48.11,53
36858437,10:14:18:437,48.11,100
36858437,10:14:18:437,48.11,41
36858437,10:14:18:437,48.11,59
36858437,10:14:18:437,48.1,42
36858438,10:14:18:438,48.1,100
36858452,10:14:18:452,48.1,3
36859399,10:14:19:399,48.1,100
36859513,10:14:19:513,48.1,200
36859516,10:14:19:516,48.1,200
36885571,10:14:45:571,48.09,100
36901048,10:15:1:48,48.09,38
36902444,10:15:2:444,48.1,100
36902900,10:15:2:900,48.095,100
36902926,10:15:2:926,48.095,100
36904005,10:15:4:5,48.09,100
36904007,10:15:4:7,48.09,100
36908000,10:15:8:0,48.095,65
36908590,10:15:8:590,48.09,100
36908590,10:15:8:590,48.09,100
36909119,10:15:9:119,48.09,10
36914013,10:15:14:13,48.09,100
36914013,10:15:14:13,48.1,24
36914013,10:15:14:13,48.1,100
36914013,10:15:14:13,48.1,173
36914013,10:15:14:13,48.1,100
36914013,10:15:14:13,48.1,14
36914013,10:15:14:13,48.1,86
36914013,10:15:14:13,48.1,14
36914013,10:15:14:13,48.1,86
36914013,10:15:14:13,48.1,14
36914013,10:15:14:13,48.1,10
36914013,10:15:14:13,48.1,86
36914013,10:15:14:13,48.1,100
36914013,10:15:14:13,48.1,100
36914013,10:15:14:13,48.1,35
36914017,10:15:14:17,48.095,35
36914119,10:15:14:119,48.1,100
