MsOfDay, Time,Price,Size
33411960,9:16:51:960,47.1,8
33457453,9:17:37:453,47.1,1
33815215,9:23:35:215,47.1,980
34005206,9:26:45:206,47.1,1
34195200,9:29:55:200,47.1,1
34201006,9:30:1:6,47.05,15714
34204635,9:30:4:635,47.06,75
34206183,9:30:6:183,47.07,100
34212063,9:30:12:63,47.05,71
34218592,9:30:18:592,47,100
34218592,9:30:18:592,47.01,50
34218592,9:30:18:592,47.01,50
34218592,9:30:18:592,47.01,50
34218592,9:30:18:592,47,100
34218592,9:30:18:592,47.01,100
34218592,9:30:18:592,47,100
34218592,9:30:18:592,47,50
34243216,9:30:43:216,47.022,8
34256238,9:30:56:238,46.93,100
34258040,9:30:58:40,46.92,25
34261153,9:31:1:153,46.977,13
34307126,9:31:47:126,47.05,1
34336247,9:32:16:247,47.05,2
34354195,9:32:34:195,47.05,1
34354547,9:32:34:547,47.06,1
34354737,9:32:34:737,47.06,1
34359117,9:32:39:117,46.94,5
34390262,9:33:10:262,46.96,57
34392240,9:33:12:240,47.03,2
34393420,9:33:13:420,46.94,100
34403136,9:33:23:136,46.95,100
34422487,9:33:42:487,47.0235,21
34434211,9:33:54:211,47.01,100
34491982,9:34:51:982,47,628
34492000,9:34:52:0,46.98,200
34505162,9:35:5:162,47.02,100
34505162,9:35:5:162,47.01,3
34505162,9:35:5:162,47.02,97
34505162,9:35:5:162,47.01,3
34505162,9:35:5:162,47.02,3
34505162,9:35:5:162,47.01,3
34505162,9:35:5:162,47.01,3
34505162,9:35:5:162,47.02,97
34505162,9:35:5:162,47.02,3
34505162,9:35:5:162,47.02,20
34505162,9:35:5:162,47.01,3
34505162,9:35:5:162,47,100
34505162,9:35:5:162,47.02,100
34505162,9:35:5:162,47.02,100
34505162,9:35:5:162,47.03,50
34505162,9:35:5:162,47.02,100
34505164,9:35:5:164,47.03,50
34505164,9:35:5:164,47.03,49
34505329,9:35:5:329,47.04,100
34505522,9:35:5:522,47.07,9
34505522,9:35:5:522,47.07,300
34505523,9:35:5:523,47.07,67
34513831,9:35:13:831,47.03,100
34517306,9:35:17:306,47.03,100
34517318,9:35:17:318,47.03,100
34561700,9:36:1:700,47.055,100
34583953,9:36:23:953,47.04,100
34584276,9:36:24:276,47.03,100
34584276,9:36:24:276,47.03,100
34591008,9:36:31:8,46.99,100
34591010,9:36:31:10,46.98,1
34600905,9:36:40:905,46.94,100
34600916,9:36:40:916,46.94,100
34639425,9:37:19:425,46.99,100
34656306,9:37:36:306,46.98,1
34664483,9:37:44:483,46.98,49
34664483,9:37:44:483,46.98,51
34668443,9:37:48:443,46.97,100
34681573,9:38:1:573,46.98,2
34682111,9:38:2:111,46.98,25
34682716,9:38:2:716,46.98,1
34682799,9:38:2:799,46.98,7
34683895,9:38:3:895,46.972,550
34683898,9:38:3:898,46.95,100
34710135,9:38:30:135,46.9754,23
34720653,9:38:40:653,46.96,45
34720653,9:38:40:653,46.96,100
34720659,9:38:40:659,46.95,48
34720661,9:38:40:661,46.95,100
34720668,9:38:40:668,46.95,100
34722577,9:38:42:577,46.96,100
34722600,9:38:42:600,46.95,100
34722611,9:38:42:611,46.95,100
34725305,9:38:45:305,46.95,100
34726028,9:38:46:28,46.95,100
34728542,9:38:48:542,46.94,100
34740176,9:39:0:176,46.955,200
34743406,9:39:3:406,46.94,100
34743407,9:39:3:407,46.94,100
34743407,9:39:3:407,46.94,1
34743407,9:39:3:407,46.94,99
34743407,9:39:3:407,46.94,101
34743408,9:39:3:408,46.94,24
34743421,9:39:3:421,46.94,100
34743429,9:39:3:429,46.93,200
34743430,9:39:3:430,46.93,100
34743430,9:39:3:430,46.93,25
34743430,9:39:3:430,46.93,75
34743432,9:39:3:432,46.93,200
34743438,9:39:3:438,46.93,100
34754305,9:39:14:305,46.9,100
34780301,9:39:40:301,46.9,45
34780301,9:39:40:301,46.89,55
34780519,9:39:40:519,46.89,100
34784186,9:39:44:186,46.9,100
34784186,9:39:44:186,46.91,6
34784220,9:39:44:220,46.9,100
34800029,9:40:0:29,46.91,100
34811780,9:40:11:780,46.9,51
34811780,9:40:11:780,46.9,49
34812683,9:40:12:683,46.92,100
34814992,9:40:14:992,46.92,200
34814992,9:40:14:992,46.92,100
34814992,9:40:14:992,46.92,100
34814992,9:40:14:992,46.92,29
34814993,9:40:14:993,46.91,100
34814993,9:40:14:993,46.91,25
34814995,9:40:14:995,46.91,75
34814995,9:40:14:995,46.91,100
34814995,9:40:14:995,46.905,100
34814996,9:40:14:996,46.905,100
34814996,9:40:14:996,46.905,100
34814999,9:40:14:999,46.91,100
34815013,9:40:15:13,46.91,100
34816859,9:40:16:859,46.92,100
34816859,9:40:16:859,46.92,100
34816874,9:40:16:874,46.92,100
34816886,9:40:16:886,46.92,96
34816886,9:40:16:886,46.92,4
34816886,9:40:16:886,46.92,100
34818076,9:40:18:76,46.91,100
34818940,9:40:18:940,46.91,200
34834281,9:40:34:281,46.91,100
34834281,9:40:34:281,46.91,100
34834281,9:40:34:281,46.91,100
34834284,9:40:34:284,46.9,100
34835638,9:40:35:638,46.91,15
34837909,9:40:37:909,46.8901,7
34841673,9:40:41:673,46.91,78
34841673,9:40:41:673,46.91,22
34841673,9:40:41:673,46.91,29
34841673,9:40:41:673,46.91,71
34841673,9:40:41:673,46.9,200
34841676,9:40:41:676,46.9,150
34841676,9:40:41:676,46.91,4
34841679,9:40:41:679,46.9,100
34846892,9:40:46:892,46.91,200
34847064,9:40:47:64,46.91,22
34847065,9:40:47:65,46.91,74
34855724,9:40:55:724,46.93,100
34855724,9:40:55:724,46.93,100
34855724,9:40:55:724,46.93,100
34855726,9:40:55:726,46.915,100
34860772,9:41:0:772,46.91,12
34860774,9:41:0:774,46.92,1
34862601,9:41:2:601,46.915,100
34865301,9:41:5:301,46.92,100
34865305,9:41:5:305,46.92,100
34865305,9:41:5:305,46.92,100
34865306,9:41:5:306,46.92,100
34879232,9:41:19:232,46.92,100
34879233,9:41:19:233,46.92,100
34883523,9:41:23:523,46.91,6
34883527,9:41:23:527,46.9,100
34884306,9:41:24:306,46.89,100
34884306,9:41:24:306,46.89,100
34884306,9:41:24:306,46.89,100
34884306,9:41:24:306,46.89,45
34903500,9:41:43:500,46.87,100
34903502,9:41:43:502,46.87,350
34903502,9:41:43:502,46.87,50
34903502,9:41:43:502,46.87,42
34903502,9:41:43:502,46.87,58
34907921,9:41:47:921,46.88,100
34921305,9:42:1:305,46.87,100
34921310,9:42:1:310,46.87,100
34921311,9:42:1:311,46.87,1
34921314,9:42:1:314,46.86,120
34921314,9:42:1:314,46.86,78
34924422,9:42:4:422,46.86,1
34936402,9:42:16:402,46.88,50
34936402,9:42:16:402,46.88,100
34936402,9:42:16:402,46.88,50
34936402,9:42:16:402,46.87,100
34936403,9:42:16:403,46.88,100
34936403,9:42:16:403,46.88,100
34936404,9:42:16:404,46.87,100
34936404,9:42:16:404,46.87,100
34936404,9:42:16:404,46.87,250
34936404,9:42:16:404,46.88,50
34936405,9:42:16:405,46.87,100
34936405,9:42:16:405,46.88,50
34936406,9:42:16:406,46.88,100
34936406,9:42:16:406,46.855,100
34936411,9:42:16:411,46.865,100
34936413,9:42:16:413,46.855,200
34936416,9:42:16:416,46.875,100
34936419,9:42:16:419,46.865,100
34943739,9:42:23:739,46.87,20
34987745,9:43:7:745,46.88,100
34996885,9:43:16:885,46.89,100
34999708,9:43:19:708,46.88,99
34999708,9:43:19:708,46.88,100
34999711,9:43:19:711,46.88,100
34999716,9:43:19:716,46.88,100
35001381,9:43:21:381,46.88,100
35015933,9:43:35:933,46.87,111
35015933,9:43:35:933,46.87,100
35015933,9:43:35:933,46.87,7
35015933,9:43:35:933,46.86,200
35015933,9:43:35:933,46.87,93
35015933,9:43:35:933,46.86,100
35015933,9:43:35:933,46.86,100
35015933,9:43:35:933,46.85,89
35015933,9:43:35:933,46.86,100
35015933,9:43:35:933,46.85,89
35015933,9:43:35:933,46.87,100
35015933,9:43:35:933,46.85,11
35015933,9:43:35:933,46.87,135
35015936,9:43:35:936,46.87,100
35019441,9:43:39:441,46.87,200
35020621,9:43:40:621,46.87,100
35028254,9:43:48:254,46.87,100
35043052,9:44:3:52,46.87,100
35046202,9:44:6:202,46.87,200
35046202,9:44:6:202,46.87,42
35046203,9:44:6:203,46.87,58
35047240,9:44:7:240,46.86,53
35047241,9:44:7:241,46.86,150
35047241,9:44:7:241,46.86,9
35055193,9:44:15:193,46.8501,100
35063306,9:44:23:306,46.85,100
35076300,9:44:36:300,46.85,2
35076303,9:44:36:303,46.84,98
35076303,9:44:36:303,46.84,100
35076303,9:44:36:303,46.84,100
35076303,9:44:36:303,46.84,54
35076304,9:44:36:304,46.84,100
35078501,9:44:38:501,46.82,30
35082537,9:44:42:537,46.85,5
35089306,9:44:49:306,46.81,148
35089306,9:44:49:306,46.81,100
35089306,9:44:49:306,46.81,100
35089306,9:44:49:306,46.81,97
35090106,9:44:50:106,46.81,100
35103313,9:45:3:313,46.8,100
35107712,9:45:7:712,46.81,100
35110817,9:45:10:817,46.805,100
35111270,9:45:11:270,46.81,100
35111270,9:45:11:270,46.81,200
35111270,9:45:11:270,46.81,100
35111270,9:45:11:270,46.81,100
35111271,9:45:11:271,46.81,6
35111271,9:45:11:271,46.82,100
35114802,9:45:14:802,46.82,100
35114804,9:45:14:804,46.81,100
35114829,9:45:14:829,46.82,100
35115003,9:45:15:3,46.82,100
35115028,9:45:15:28,46.82,100
35121308,9:45:21:308,46.81,100
35128827,9:45:28:827,46.83,100
35130106,9:45:30:106,46.82,127
35130486,9:45:30:486,46.81,100
35130486,9:45:30:486,46.81,69
35130487,9:45:30:487,46.81,31
35130553,9:45:30:553,46.81,10
35134307,9:45:34:307,46.8,1
35134307,9:45:34:307,46.81,90
35134307,9:45:34:307,46.8,9
35136871,9:45:36:871,46.81,91
35147305,9:45:47:305,46.8,100
35149245,9:45:49:245,46.81,9
35149245,9:45:49:245,46.81,5
35149246,9:45:49:246,46.82,100
35149246,9:45:49:246,46.82,55
35149246,9:45:49:246,46.82,100
35149246,9:45:49:246,46.82,100
35149246,9:45:49:246,46.82,100
35149246,9:45:49:246,46.82,45
35149246,9:45:49:246,46.82,100
35149246,9:45:49:246,46.82,100
35149246,9:45:49:246,46.82,7
35149246,9:45:49:246,46.815,100
35157305,9:45:57:305,46.83,100
35170306,9:46:10:306,46.83,100
35175111,9:46:15:111,46.84,100
35178411,9:46:18:411,46.835,100
35178411,9:46:18:411,46.835,100
35178423,9:46:18:423,46.83,57
35178423,9:46:18:423,46.83,100
35178423,9:46:18:423,46.83,43
35178423,9:46:18:423,46.83,200
35178905,9:46:18:905,46.825,200
35195244,9:46:35:244,46.82,150
35195244,9:46:35:244,46.82,150
35195244,9:46:35:244,46.82,5
35195244,9:46:35:244,46.82,455
35195244,9:46:35:244,46.82,32
35195245,9:46:35:245,46.83,100
35195245,9:46:35:245,46.82,100
35195247,9:46:35:247,46.81,100
35195247,9:46:35:247,46.81,100
35195247,9:46:35:247,46.81,97
35195247,9:46:35:247,46.81,3
35195400,9:46:35:400,46.8,1
35198305,9:46:38:305,46.79,100
35198305,9:46:38:305,46.79,45
35198305,9:46:38:305,46.79,61
35198305,9:46:38:305,46.79,39
35202249,9:46:42:249,46.781,100
35202274,9:46:42:274,46.79,325
35202654,9:46:42:654,46.79,100
35202654,9:46:42:654,46.79,100
35202660,9:46:42:660,46.79,100
35203308,9:46:43:308,46.78,100
35213306,9:46:53:306,46.77,100
35218305,9:46:58:305,46.77,52
35218305,9:46:58:305,46.77,100
35218305,9:46:58:305,46.77,21
35218305,9:46:58:305,46.77,27
35218305,9:46:58:305,46.77,73
35218306,9:46:58:306,46.76,20
35219063,9:46:59:63,46.77,87
35219063,9:46:59:63,46.77,13
35219063,9:46:59:63,46.77,100
35245837,9:47:25:837,46.77,76
35247665,9:47:27:665,46.78,100
35247666,9:47:27:666,46.78,100
35247666,9:47:27:666,46.78,100
35247666,9:47:27:666,46.78,100
35247666,9:47:27:666,46.78,10
35247667,9:47:27:667,46.79,89
35247670,9:47:27:670,46.775,100
35249500,9:47:29:500,46.79,2
35267114,9:47:47:114,46.775,100
35269639,9:47:49:639,46.76,50
35282934,9:48:2:934,46.8,50
35282934,9:48:2:934,46.79,200
35282934,9:48:2:934,46.79,100
35282934,9:48:2:934,46.8,100
35282935,9:48:2:935,46.8,100
35282935,9:48:2:935,46.79,100
35282935,9:48:2:935,46.79,4
35282935,9:48:2:935,46.8,96
35282935,9:48:2:935,46.8,4
35282935,9:48:2:935,46.8,50
35282935,9:48:2:935,46.81,47
35282935,9:48:2:935,46.79,23
35282935,9:48:2:935,46.81,7
35282935,9:48:2:935,46.81,143
35282935,9:48:2:935,46.81,7
35282939,9:48:2:939,46.81,50
35291277,9:48:11:277,46.813,12
35292305,9:48:12:305,46.81,100
35296865,9:48:16:865,46.82,100
35301440,9:48:21:440,46.81,200
35301440,9:48:21:440,46.81,100
35301440,9:48:21:440,46.81,16
35313070,9:48:33:70,46.81,5
35313578,9:48:33:578,46.8,100
35313578,9:48:33:578,46.8,100
35313578,9:48:33:578,46.8,100
35313579,9:48:33:579,46.79,100
35314863,9:48:34:863,46.77,300
35315255,9:48:35:255,46.765,100
35315264,9:48:35:264,46.76,23
35323308,9:48:43:308,46.75,100
35323372,9:48:43:372,46.75,15
35329423,9:48:49:423,46.76,100
35329424,9:48:49:424,46.76,100
35329424,9:48:49:424,46.76,42
35329424,9:48:49:424,46.76,58
35329424,9:48:49:424,46.76,6
35329424,9:48:49:424,46.76,4
35333324,9:48:53:324,46.75,9
35350306,9:49:10:306,46.75,91
35350306,9:49:10:306,46.75,100
35350306,9:49:10:306,46.76,1
35358078,9:49:18:78,46.74,100
35367788,9:49:27:788,46.73,100
35367788,9:49:27:788,46.73,100
35375223,9:49:35:223,46.73,100
35375223,9:49:35:223,46.73,3
35375224,9:49:35:224,46.73,100
35385064,9:49:45:64,46.8112,400
35385435,9:49:45:435,46.74,100
35403152,9:50:3:152,46.75,10
35408305,9:50:8:305,46.75,100
35409784,9:50:9:784,46.75,100
35409931,9:50:9:931,46.76,100
35409931,9:50:9:931,46.76,100
35409931,9:50:9:931,46.76,100
35414129,9:50:14:129,46.75,100
35414130,9:50:14:130,46.74,100
35414130,9:50:14:130,46.75,100
35415131,9:50:15:131,46.74,100
35415131,9:50:15:131,46.74,200
35415131,9:50:15:131,46.74,100
35415131,9:50:15:131,46.74,100
35415131,9:50:15:131,46.74,100
35416315,9:50:16:315,46.73,1
35416315,9:50:16:315,46.74,99
35416315,9:50:16:315,46.74,100
35416451,9:50:16:451,46.735,100
35422625,9:50:22:625,46.747,146
35422788,9:50:22:788,46.735,100
35422994,9:50:22:994,46.72,107
35426308,9:50:26:308,46.7,100
35427358,9:50:27:358,46.68,15
35434668,9:50:34:668,46.69,100
35434668,9:50:34:668,46.68,100
35440209,9:50:40:209,46.69,100
35448154,9:50:48:154,46.68,100
35448154,9:50:48:154,46.68,100
35448154,9:50:48:154,46.68,71
35448154,9:50:48:154,46.68,2
35449302,9:50:49:302,46.66,43
35449304,9:50:49:304,46.65,57
35449304,9:50:49:304,46.65,43
35449304,9:50:49:304,46.65,100
35449328,9:50:49:328,46.66,100
35449328,9:50:49:328,46.66,4
35450890,9:50:50:890,46.67,100
35450890,9:50:50:890,46.67,100
35450890,9:50:50:890,46.67,200
35450890,9:50:50:890,46.67,100
35450890,9:50:50:890,46.67,100
35450891,9:50:50:891,46.67,100
35450891,9:50:50:891,46.67,100
35450891,9:50:50:891,46.67,9
35450892,9:50:50:892,46.68,100
35450892,9:50:50:892,46.68,100
35450907,9:50:50:907,46.69,11
35469072,9:51:9:72,46.69,100
35469072,9:51:9:72,46.69,200
35469072,9:51:9:72,46.69,5
35489227,9:51:29:227,46.6937,80
35490993,9:51:30:993,46.69,100
35490994,9:51:30:994,46.69,100
35490994,9:51:30:994,46.69,100
35490996,9:51:30:996,46.69,100
35492374,9:51:32:374,46.68,100
35507208,9:51:47:208,46.7,100
35507208,9:51:47:208,46.7,200
35507209,9:51:47:209,46.7,100
35507210,9:51:47:210,46.71,100
35513517,9:51:53:517,46.71,100
35513517,9:51:53:517,46.71,100
35517202,9:51:57:202,46.7,100
35517202,9:51:57:202,46.7,100
35534222,9:52:14:222,46.672,965
35553005,9:52:33:5,46.6774,300
35561138,9:52:41:138,46.67,2
35565094,9:52:45:94,46.665,200
35566682,9:52:46:682,46.67,100
35566683,9:52:46:683,46.67,98
35566683,9:52:46:683,46.67,100
35566683,9:52:46:683,46.67,100
35566683,9:52:46:683,46.67,14
35578851,9:52:58:851,46.67,100
35578851,9:52:58:851,46.67,100
35579155,9:52:59:155,46.66,100
35588156,9:53:8:156,46.66,100
35588167,9:53:8:167,46.66,100
35588304,9:53:8:304,46.66,2
35588304,9:53:8:304,46.66,98
35588305,9:53:8:305,46.66,100
35588305,9:53:8:305,46.66,10
35588305,9:53:8:305,46.66,15
35607064,9:53:27:64,46.6601,1
35612792,9:53:32:792,46.665,100
35620158,9:53:40:158,46.67,100
35620158,9:53:40:158,46.67,100
35620199,9:53:40:199,46.67,100
35622397,9:53:42:397,46.68,182
35622399,9:53:42:399,46.68,100
35622399,9:53:42:399,46.68,90
35622399,9:53:42:399,46.68,10
35622399,9:53:42:399,46.68,10
35622400,9:53:42:400,46.68,100
35622400,9:53:42:400,46.68,100
35622431,9:53:42:431,46.685,382
35622773,9:53:42:773,46.69,100
35622773,9:53:42:773,46.69,100
35622773,9:53:42:773,46.69,15
35622773,9:53:42:773,46.69,100
35622777,9:53:42:777,46.7,100
35622780,9:53:42:780,46.7,66
35654464,9:54:14:464,46.7,1
35654464,9:54:14:464,46.7,99
35654464,9:54:14:464,46.7,99
35654465,9:54:14:465,46.7,1
35671866,9:54:31:866,46.72,200
35671866,9:54:31:866,46.72,5
35671866,9:54:31:866,46.72,100
35676875,9:54:36:875,46.74,100
35676875,9:54:36:875,46.74,100
35676973,9:54:36:973,46.75,100
35676978,9:54:36:978,46.75,100
35677028,9:54:37:28,46.75,5
35687895,9:54:47:895,46.74,100
35687896,9:54:47:896,46.74,100
35687896,9:54:47:896,46.74,100
35687896,9:54:47:896,46.74,100
35687896,9:54:47:896,46.74,300
35687896,9:54:47:896,46.74,100
35687896,9:54:47:896,46.74,100
35687897,9:54:47:897,46.73,100
35687898,9:54:47:898,46.73,100
35687898,9:54:47:898,46.73,100
35687899,9:54:47:899,46.73,100
35704039,9:55:4:39,46.73,1
35709198,9:55:9:198,46.725,100
35710468,9:55:10:468,46.73,1
35710468,9:55:10:468,46.73,99
35710468,9:55:10:468,46.73,100
35710468,9:55:10:468,46.73,1
35710468,9:55:10:468,46.73,100
35710468,9:55:10:468,46.73,100
35710469,9:55:10:469,46.73,6
35710964,9:55:10:964,46.74,100
35710968,9:55:10:968,46.73,100
35711383,9:55:11:383,46.72,100
35711383,9:55:11:383,46.71,100
35711383,9:55:11:383,46.71,100
35711391,9:55:11:391,46.71,100
35712215,9:55:12:215,46.7,100
35712215,9:55:12:215,46.7,57
35712216,9:55:12:216,46.7,43
35712886,9:55:12:886,46.695,300
35714577,9:55:14:577,46.7013,200
35714578,9:55:14:578,46.7013,100
35714579,9:55:14:579,46.7013,100
35716921,9:55:16:921,46.7,100
35716921,9:55:16:921,46.7,100
35716921,9:55:16:921,46.7,100
35716922,9:55:16:922,46.7,5
35721798,9:55:21:798,46.7,123
35721798,9:55:21:798,46.7,100
35721799,9:55:21:799,46.7,100
35721799,9:55:21:799,46.7,77
35751283,9:55:51:283,46.7,100
35751283,9:55:51:283,46.7,100
35751283,9:55:51:283,46.7,1
35751283,9:55:51:283,46.7,100
35751284,9:55:51:284,46.7,4
35751284,9:55:51:284,46.7,100
35751284,9:55:51:284,46.7,9
35753155,9:55:53:155,46.69,100
35755512,9:55:55:512,46.7,100
35758633,9:55:58:633,46.7,84
35758633,9:55:58:633,46.7,16
35759755,9:55:59:755,46.7,84
35759755,9:55:59:755,46.7,100
35759755,9:55:59:755,46.7,16
35760304,9:56:0:304,46.71,64
35761831,9:56:1:831,46.71,36
35762075,9:56:2:75,46.72,100
35765653,9:56:5:653,46.72,100
35765653,9:56:5:653,46.72,100
35765653,9:56:5:653,46.72,100
35765653,9:56:5:653,46.72,100
35765653,9:56:5:653,46.72,100
35765653,9:56:5:653,46.72,4
35783185,9:56:23:185,46.7,100
35796572,9:56:36:572,46.73,21
35814674,9:56:54:674,46.71,200
35814675,9:56:54:675,46.71,100
35815856,9:56:55:856,46.7,1
35824566,9:57:4:566,46.7,1
35824567,9:57:4:567,46.7,6
35824567,9:57:4:567,46.7,6
35825426,9:57:5:426,46.695,200
35830714,9:57:10:714,46.6936,70
35857212,9:57:37:212,46.695,100
35862669,9:57:42:669,46.7,100
35864958,9:57:44:958,46.69,66
35864958,9:57:44:958,46.69,34
35864958,9:57:44:958,46.69,84
35864958,9:57:44:958,46.69,16
35864959,9:57:44:959,46.68,100
35864959,9:57:44:959,46.68,65
35864959,9:57:44:959,46.69,100
35864960,9:57:44:960,46.68,100
35864960,9:57:44:960,46.68,39
35867572,9:57:47:572,46.68,200
35867971,9:57:47:971,46.67,100
35870470,9:57:50:470,46.66,100
35870470,9:57:50:470,46.66,104
35870471,9:57:50:471,46.66,100
35870471,9:57:50:471,46.66,100
35870471,9:57:50:471,46.66,88
35873366,9:57:53:366,46.64,100
35873366,9:57:53:366,46.64,100
35876060,9:57:56:60,46.63,17
35876060,9:57:56:60,46.63,83
35876060,9:57:56:60,46.63,24
35876060,9:57:56:60,46.63,76
35876060,9:57:56:60,46.63,17
35876060,9:57:56:60,46.63,83
35876065,9:57:56:65,46.62,100
35876066,9:57:56:66,46.62,63
35884253,9:58:4:253,46.63,68
35884254,9:58:4:254,46.63,36
35884265,9:58:4:265,46.63,100
35884265,9:58:4:265,46.63,32
35884266,9:58:4:266,46.63,64
35884266,9:58:4:266,46.63,40
35884266,9:58:4:266,46.63,1
35886740,9:58:6:740,46.64,88
35886740,9:58:6:740,46.64,6
35886740,9:58:6:740,46.64,6
35886740,9:58:6:740,46.64,100
35887156,9:58:7:156,46.63,47
35889315,9:58:9:315,46.65,100
35889315,9:58:9:315,46.65,100
35889315,9:58:9:315,46.65,100
35889316,9:58:9:316,46.65,9
35890974,9:58:10:974,46.65,100
35894274,9:58:14:274,46.65,100
35903271,9:58:23:271,46.63,100
35907899,9:58:27:899,46.631,12
35911272,9:58:31:272,46.63,100
35911273,9:58:31:273,46.63,100
35911273,9:58:31:273,46.63,100
35911274,9:58:31:274,46.63,100
35911274,9:58:31:274,46.63,100
35929208,9:58:49:208,46.62,1
35929386,9:58:49:386,46.63,100
35929386,9:58:49:386,46.64,8
35930109,9:58:50:109,46.64,3
35938402,9:58:58:402,46.64,100
35938404,9:58:58:404,46.64,34
35938411,9:58:58:411,46.64,100
35938411,9:58:58:411,46.64,58
35938411,9:58:58:411,46.64,100
35938413,9:58:58:413,46.65,134
35938423,9:58:58:423,46.65,100
35938441,9:58:58:441,46.66,141
35938441,9:58:58:441,46.66,100
35938447,9:58:58:447,46.66,59
35938447,9:58:58:447,46.67,75
35959892,9:59:19:892,46.65,1
35959892,9:59:19:892,46.65,4
35960271,9:59:20:271,46.65,95
35960271,9:59:20:271,46.65,5
35960272,9:59:20:272,46.65,37
35960272,9:59:20:272,46.65,58
35971009,9:59:31:9,46.64,100
35971009,9:59:31:9,46.64,100
35971009,9:59:31:9,46.64,100
35997208,9:59:57:208,46.64,100
35997209,9:59:57:209,46.64,100
35997209,9:59:57:209,46.64,100
35997209,9:59:57:209,46.64,100
35997209,9:59:57:209,46.64,1
35997209,9:59:57:209,46.64,8
36002940,10:0:2:940,46.66,100
36011910,10:0:11:910,46.67,100
36011951,10:0:11:951,46.67,10
36011951,10:0:11:951,46.67,100
36020370,10:0:20:370,46.66,100
36021208,10:0:21:208,46.66,1
36023630,10:0:23:630,46.6662,4
36029100,10:0:29:100,46.66,12
36041180,10:0:41:180,46.66,100
36041182,10:0:41:182,46.66,100
36041182,10:0:41:182,46.66,100
36041183,10:0:41:183,46.66,100
36041191,10:0:41:191,46.66,100
36041533,10:0:41:533,46.65,145
36041536,10:0:41:536,46.65,100
36045251,10:0:45:251,46.645,300
36050942,10:0:50:942,46.65,100
36051274,10:0:51:274,46.65,6
36051274,10:0:51:274,46.65,100
36051274,10:0:51:274,46.65,100
36051274,10:0:51:274,46.65,100
36051274,10:0:51:274,46.65,5
36053202,10:0:53:202,46.66,100
36053202,10:0:53:202,46.66,100
36060364,10:1:0:364,46.67,1
36060601,10:1:0:601,46.68,100
36070517,10:1:10:517,46.68,20
36070518,10:1:10:518,46.68,80
36070643,10:1:10:643,46.68,100
36070644,10:1:10:644,46.68,100
36070644,10:1:10:644,46.68,100
36083158,10:1:23:158,46.665,200
36097056,10:1:37:56,46.66,100
36097058,10:1:37:58,46.66,100
36097058,10:1:37:58,46.66,100
36097058,10:1:37:58,46.66,297
36097058,10:1:37:58,46.66,23
36097058,10:1:37:58,46.66,4
36097059,10:1:37:59,46.66,77
36103819,10:1:43:819,46.65,200
36104113,10:1:44:113,46.64,100
36107171,10:1:47:171,46.65,100
36112194,10:1:52:194,46.64,200
36113810,10:1:53:810,46.64,100
36113811,10:1:53:811,46.64,5
36113811,10:1:53:811,46.64,100
36113811,10:1:53:811,46.64,5
36113811,10:1:53:811,46.64,9
36119029,10:1:59:29,46.65,100
36119030,10:1:59:30,46.66,9
36120329,10:2:0:329,46.65,100
36120330,10:2:0:330,46.65,100
36120337,10:2:0:337,46.64,100
36120337,10:2:0:337,46.64,10
36120756,10:2:0:756,46.65,100
36121713,10:2:1:713,46.65,32
36125065,10:2:5:65,46.65,68
36125065,10:2:5:65,46.65,3
36128414,10:2:8:414,46.65,23
36128608,10:2:8:608,46.64,77
36131352,10:2:11:352,46.6499,10
36144210,10:2:24:210,46.64,1
36149344,10:2:29:344,46.65,100
36149347,10:2:29:347,46.65,100
36149347,10:2:29:347,46.65,11
36149347,10:2:29:347,46.65,100
36149358,10:2:29:358,46.66,100
36149359,10:2:29:359,46.66,157
36149369,10:2:29:369,46.66,500
36149370,10:2:29:370,46.66,43
36149370,10:2:29:370,46.66,100
36165713,10:2:45:713,46.67,67
36170190,10:2:50:190,46.67,5
36170190,10:2:50:190,46.67,33
36170190,10:2:50:190,46.67,100
36170296,10:2:50:296,46.67,200
36179113,10:2:59:113,46.67,5
36190856,10:3:10:856,46.665,100
36194445,10:3:14:445,46.66,100
36194446,10:3:14:446,46.66,28
36194446,10:3:14:446,46.66,72
36194454,10:3:14:454,46.66,1
36198193,10:3:18:193,46.6635,300
36198194,10:3:18:194,46.6635,200
36199947,10:3:19:947,46.67,5
36210011,10:3:30:11,46.665,100
36215055,10:3:35:55,46.665,1
36220936,10:3:40:936,46.665,11
36226551,10:3:46:551,46.66,100
36226551,10:3:46:551,46.66,23
36226551,10:3:46:551,46.66,18
36226571,10:3:46:571,46.66,200
36226571,10:3:46:571,46.66,59
36226571,10:3:46:571,46.66,209
36226572,10:3:46:572,46.66,6
36226572,10:3:46:572,46.66,91
36226580,10:3:46:580,46.65,100
36226580,10:3:46:580,46.65,100
36226580,10:3:46:580,46.65,100
36226580,10:3:46:580,46.65,100
36226580,10:3:46:580,46.65,100
36226793,10:3:46:793,46.63,100
36226793,10:3:46:793,46.63,4
36231049,10:3:51:49,46.63,200
36236631,10:3:56:631,46.62,42
36247366,10:4:7:366,46.6399,1
36259996,10:4:19:996,46.64,100
36259997,10:4:19:997,46.64,100
36259997,10:4:19:997,46.64,100
36259997,10:4:19:997,46.64,100
36259997,10:4:19:997,46.64,7
36260191,10:4:20:191,46.65,100
36267669,10:4:27:669,46.65,1
36271326,10:4:31:326,46.65,100
36317064,10:5:17:64,46.651,107
36326118,10:5:26:118,46.67,100
36326118,10:5:26:118,46.67,27
36326118,10:5:26:118,46.67,77
36326118,10:5:26:118,46.67,23
36326118,10:5:26:118,46.67,100
36326118,10:5:26:118,46.67,100
36326118,10:5:26:118,46.67,75
36326118,10:5:26:118,46.67,25
36326118,10:5:26:118,46.67,100
36326118,10:5:26:118,46.67,73
36326125,10:5:26:125,46.67,100
36326154,10:5:26:154,46.67,100
36326206,10:5:26:206,46.66,100
36338228,10:5:38:228,46.66,100
36338232,10:5:38:232,46.65,20
36339334,10:5:39:334,46.655,100
36343322,10:5:43:322,46.65,100
36343323,10:5:43:323,46.65,144
36343323,10:5:43:323,46.65,80
36343323,10:5:43:323,46.65,100
36343347,10:5:43:347,46.64,1
36343348,10:5:43:348,46.64,99
36343348,10:5:43:348,46.64,23
36343348,10:5:43:348,46.64,100
36343462,10:5:43:462,46.63,20
36345970,10:5:45:970,46.62,100
36345975,10:5:45:975,46.62,28
36346022,10:5:46:22,46.615,100
36346301,10:5:46:301,46.62,100
36346301,10:5:46:301,46.62,12
36346331,10:5:46:331,46.62,100
36346351,10:5:46:351,46.62,5
36346351,10:5:46:351,46.62,100
36346402,10:5:46:402,46.64,83
36348679,10:5:48:679,46.63,31
36360795,10:6:0:795,46.65,77
36360795,10:6:0:795,46.65,100
36360795,10:6:0:795,46.65,100
36360795,10:6:0:795,46.65,23
36360795,10:6:0:795,46.65,100
36360795,10:6:0:795,46.65,100
36360795,10:6:0:795,46.65,27
36360795,10:6:0:795,46.65,73
36361354,10:6:1:354,46.65,100
36362351,10:6:2:351,46.6495,100
36362351,10:6:2:351,46.6495,100
36362604,10:6:2:604,46.65,10
36366517,10:6:6:517,46.63,1
36368997,10:6:8:997,46.65,100
36372875,10:6:12:875,46.645,100
36374179,10:6:14:179,46.65,98
36375028,10:6:15:28,46.65,1
36376923,10:6:16:923,46.66,10
36376927,10:6:16:927,46.65,7
36384124,10:6:24:124,46.65,93
36384127,10:6:24:127,46.65,100
36394183,10:6:34:183,46.64,100
36436468,10:7:16:468,46.66,1
36436508,10:7:16:508,46.66,100
36436508,10:7:16:508,46.66,100
36436510,10:7:16:510,46.66,100
36438057,10:7:18:57,46.66,54
36443999,10:7:23:999,46.66,30
36462192,10:7:42:192,46.65,24
36462192,10:7:42:192,46.65,3
36462192,10:7:42:192,46.65,101
36462193,10:7:42:193,46.65,97
36462193,10:7:42:193,46.65,23
36462193,10:7:42:193,46.65,76
36462193,10:7:42:193,46.65,100
36462200,10:7:42:200,46.65,300
36463457,10:7:43:457,46.645,200
36466652,10:7:46:652,46.65,100
36466652,10:7:46:652,46.65,100
36466652,10:7:46:652,46.65,100
36466652,10:7:46:652,46.65,100
36466652,10:7:46:652,46.65,100
36466652,10:7:46:652,46.65,10
36466658,10:7:46:658,46.65,100
36466771,10:7:46:771,46.65,100
36472657,10:7:52:657,46.655,100
36473892,10:7:53:892,46.655,100
36480415,10:8:0:415,46.659,1358
36480593,10:8:0:593,46.65,100
36484160,10:8:4:160,46.65,20
36486494,10:8:6:494,46.6534,100
36486498,10:8:6:498,46.6534,100
36494982,10:8:14:982,46.65,1
36495473,10:8:15:473,46.65,100
36506076,10:8:26:76,46.65,100
36506077,10:8:26:77,46.65,400
36506078,10:8:26:78,46.66,3
36506078,10:8:26:78,46.65,40
36506078,10:8:26:78,46.65,3
36538442,10:8:58:442,46.64,100
36546477,10:9:6:477,46.6487,100
36546873,10:9:6:873,46.65,100
36550487,10:9:10:487,46.65,100
36550488,10:9:10:488,46.65,100
36551608,10:9:11:608,46.64,100
36551608,10:9:11:608,46.64,65
36551608,10:9:11:608,46.64,100
36551608,10:9:11:608,46.64,99
36551608,10:9:11:608,46.64,35
36551608,10:9:11:608,46.64,100
36551608,10:9:11:608,46.64,100
36551614,10:9:11:614,46.63,37
36551653,10:9:11:653,46.64,100
36553474,10:9:13:474,46.635,300
36553479,10:9:13:479,46.635,200
36553481,10:9:13:481,46.64,100
36561500,10:9:21:500,46.64,100
36561500,10:9:21:500,46.64,300
36561500,10:9:21:500,46.64,100
36561500,10:9:21:500,46.64,100
36561500,10:9:21:500,46.64,100
36561501,10:9:21:501,46.64,10
36561501,10:9:21:501,46.64,3
36561501,10:9:21:501,46.64,8
36561520,10:9:21:520,46.65,100
36561554,10:9:21:554,46.64,100
36561571,10:9:21:571,46.64,300
36561571,10:9:21:571,46.64,100
36561571,10:9:21:571,46.64,10
36561571,10:9:21:571,46.64,10
36561571,10:9:21:571,46.64,100
36561800,10:9:21:800,46.64,100
36582851,10:9:42:851,46.64,9
36588515,10:9:48:515,46.64,100
36589076,10:9:49:76,46.64,100
36591415,10:9:51:415,46.64,99
36591427,10:9:51:427,46.65,10
36596632,10:9:56:632,46.65,3
36598413,10:9:58:413,46.65,100
36600379,10:10:0:379,46.64,91
36600380,10:10:0:380,46.64,9
36600380,10:10:0:380,46.64,100
36600381,10:10:0:381,46.64,100
36600457,10:10:0:457,46.64,200
36600621,10:10:0:621,46.64,100
36600662,10:10:0:662,46.64,1
36602672,10:10:2:672,46.64,100
36602673,10:10:2:673,46.64,100
36602724,10:10:2:724,46.65,100
36602749,10:10:2:749,46.645,300
36605314,10:10:5:314,46.65,100
36607016,10:10:7:16,46.65,200
36607017,10:10:7:17,46.65,6
36607057,10:10:7:57,46.65,10
36607057,10:10:7:57,46.65,100
36613514,10:10:13:514,46.65,100
36613514,10:10:13:514,46.65,100
36613514,10:10:13:514,46.65,100
36613515,10:10:13:515,46.645,200
36615635,10:10:15:635,46.65,100
36617935,10:10:17:935,46.65,100
36634063,10:10:34:63,46.64,12
36638042,10:10:38:42,46.65,100
36644315,10:10:44:315,46.65,100
36644315,10:10:44:315,46.65,4
36644315,10:10:44:315,46.65,12
36644315,10:10:44:315,46.65,100
36644315,10:10:44:315,46.65,88
36644315,10:10:44:315,46.65,12
36644315,10:10:44:315,46.65,100
36646888,10:10:46:888,46.66,100
36646889,10:10:46:889,46.66,200
36646889,10:10:46:889,46.66,100
36646890,10:10:46:890,46.67,33
36647540,10:10:47:540,46.67,100
36647540,10:10:47:540,46.67,100
36647540,10:10:47:540,46.67,100
36655435,10:10:55:435,46.66,100
36655569,10:10:55:569,46.65,1
36656135,10:10:56:135,46.65,99
36658817,10:10:58:817,46.65,200
36658817,10:10:58:817,46.65,200
36658817,10:10:58:817,46.65,100
36658818,10:10:58:818,46.65,100
36658818,10:10:58:818,46.65,100
36658818,10:10:58:818,46.65,100
36658818,10:10:58:818,46.65,77
36658819,10:10:58:819,46.65,23
36658882,10:10:58:882,46.65,13
36659442,10:10:59:442,46.65,100
36662752,10:11:2:752,46.645,200
36672713,10:11:12:713,46.646,350
36674885,10:11:14:885,46.64,100
36674886,10:11:14:886,46.64,1
36675419,10:11:15:419,46.64,200
36675419,10:11:15:419,46.64,100
36675419,10:11:15:419,46.64,99
36675419,10:11:15:419,46.64,100
36675954,10:11:15:954,46.64,100
36680897,10:11:20:897,46.64,100
36683343,10:11:23:343,46.64,2
36683343,10:11:23:343,46.64,100
36683343,10:11:23:343,46.64,100
36683343,10:11:23:343,46.64,11
36683343,10:11:23:343,46.64,89
36683343,10:11:23:343,46.64,13
36683343,10:11:23:343,46.64,200
36683343,10:11:23:343,46.64,11
36685542,10:11:25:542,46.65,100
36685543,10:11:25:543,46.65,79
36685543,10:11:25:543,46.65,21
36685543,10:11:25:543,46.65,100
36685551,10:11:25:551,46.65,39
36691244,10:11:31:244,46.66,100
36691262,10:11:31:262,46.66,100
36696802,10:11:36:802,46.67,100
36696908,10:11:36:908,46.67,100
36696914,10:11:36:914,46.67,100
36696914,10:11:36:914,46.67,100
36696914,10:11:36:914,46.67,1000
36696914,10:11:36:914,46.67,100
36696915,10:11:36:915,46.67,10
36696915,10:11:36:915,46.67,100
36697416,10:11:37:416,46.67,100
36703455,10:11:43:455,46.68,100
36704136,10:11:44:136,46.67,23
36704136,10:11:44:136,46.67,100
36704371,10:11:44:371,46.67,100
36704371,10:11:44:371,46.67,120
36704829,10:11:44:829,46.67,500
36709120,10:11:49:120,46.67,80
36713052,10:11:53:52,46.665,100
36713052,10:11:53:52,46.67,100
36720664,10:12:0:664,46.67,100
36720664,10:12:0:664,46.67,2
36720664,10:12:0:664,46.67,100
36720664,10:12:0:664,46.67,100
36720664,10:12:0:664,46.67,20
36720664,10:12:0:664,46.67,100
36720664,10:12:0:664,46.665,100
36720664,10:12:0:664,46.665,100
36720665,10:12:0:665,46.67,10
36720665,10:12:0:665,46.67,7
36720665,10:12:0:665,46.68,100
36721973,10:12:1:973,46.68,100
36721973,10:12:1:973,46.68,100
36721976,10:12:1:976,46.68,7
36722029,10:12:2:29,46.68,93
36722203,10:12:2:203,46.69,4
36733059,10:12:13:59,46.68,100
36734538,10:12:14:538,46.67,41
36734538,10:12:14:538,46.67,59
36734539,10:12:14:539,46.67,1
36737164,10:12:17:164,46.6775,42
36743272,10:12:23:272,46.67,100
36747001,10:12:27:1,46.67,200
36747003,10:12:27:3,46.67,100
36747003,10:12:27:3,46.67,100
36747003,10:12:27:3,46.67,199
36747003,10:12:27:3,46.67,100
36747003,10:12:27:3,46.67,100
36747003,10:12:27:3,46.67,152
36747028,10:12:27:28,46.67,100
36747082,10:12:27:82,46.66,100
36747096,10:12:27:96,46.66,100
36747096,10:12:27:96,46.66,100
36747097,10:12:27:97,46.66,152
36747136,10:12:27:136,46.65,7
36747272,10:12:27:272,46.65,100
36760314,10:12:40:314,46.658,100
36765212,10:12:45:212,46.65,100
36768413,10:12:48:413,46.65,42
36772656,10:12:52:656,46.64,20
36772667,10:12:52:667,46.64,253
36772667,10:12:52:667,46.64,9
36772667,10:12:52:667,46.64,91
36772667,10:12:52:667,46.64,9
36772667,10:12:52:667,46.64,14
36772667,10:12:52:667,46.64,86
36772667,10:12:52:667,46.64,19
36773200,10:12:53:200,46.64,95
36773200,10:12:53:200,46.64,5
36773874,10:12:53:874,46.64,95
36774629,10:12:54:629,46.64,100
36774713,10:12:54:713,46.63,100
36774713,10:12:54:713,46.63,100
36774713,10:12:54:713,46.63,200
36778277,10:12:58:277,46.63,100
36779080,10:12:59:80,46.635,27
36780273,10:13:0:273,46.63,53
36780273,10:13:0:273,46.63,47
36781467,10:13:1:467,46.64,5
36785257,10:13:5:257,46.63,47
36785257,10:13:5:257,46.63,53
36788218,10:13:8:218,46.64,100
36788218,10:13:8:218,46.64,3
36788218,10:13:8:218,46.64,100
36788218,10:13:8:218,46.64,200
36788218,10:13:8:218,46.64,100
36788218,10:13:8:218,46.64,100
36788218,10:13:8:218,46.64,100
36788218,10:13:8:218,46.64,100
36788219,10:13:8:219,46.64,12
36788219,10:13:8:219,46.64,8
36788220,10:13:8:220,46.65,12
36788220,10:13:8:220,46.65,46
36788220,10:13:8:220,46.65,100
36788220,10:13:8:220,46.65,42
36788220,10:13:8:220,46.65,146
36788228,10:13:8:228,46.645,500
36788906,10:13:8:906,46.655,200
36796593,10:13:16:593,46.66,100
36796594,10:13:16:594,46.66,22
36799654,10:13:19:654,46.66,78
36806101,10:13:26:101,46.665,498
36806105,10:13:26:105,46.6699,3500
36806105,10:13:26:105,46.6699,1200
36806529,10:13:26:529,46.665,100
36819772,10:13:39:772,46.6601,12
36826847,10:13:46:847,46.662,200
36829707,10:13:49:707,46.67,5
36829707,10:13:49:707,46.665,100
36836634,10:13:56:634,46.665,100
36837921,10:13:57:921,46.67,2
36837930,10:13:57:930,46.665,400
36839510,10:13:59:510,46.67,100
36839511,10:13:59:511,46.67,2
36839511,10:13:59:511,46.67,100
36839511,10:13:59:511,46.67,98
36839511,10:13:59:511,46.67,2
36839511,10:13:59:511,46.665,100
36839511,10:13:59:511,46.67,5
36839511,10:13:59:511,46.67,7
36839511,10:13:59:511,46.67,100
36843416,10:14:3:416,46.675,300
36843416,10:14:3:416,46.675,300
36843418,10:14:3:418,46.68,200
36843418,10:14:3:418,46.675,500
36843419,10:14:3:419,46.68,100
36843426,10:14:3:426,46.685,200
36843434,10:14:3:434,46.69,100
36843434,10:14:3:434,46.69,40
36843434,10:14:3:434,46.69,100
36843434,10:14:3:434,46.69,100
36843434,10:14:3:434,46.69,100
36843434,10:14:3:434,46.69,100
36843440,10:14:3:440,46.695,200
36843449,10:14:3:449,46.7,1500
36844150,10:14:4:150,46.7,200
36844155,10:14:4:155,46.71,10
36844155,10:14:4:155,46.71,100
36844156,10:14:4:156,46.72,100
36844156,10:14:4:156,46.72,100
36844197,10:14:4:197,46.72,100
36844200,10:14:4:200,46.71,100
36844200,10:14:4:200,46.71,100
36844200,10:14:4:200,46.71,10
36844200,10:14:4:200,46.71,10
36844252,10:14:4:252,46.7,100
36844252,10:14:4:252,46.7,100
36844252,10:14:4:252,46.7,3
36844253,10:14:4:253,46.7,1
36844626,10:14:4:626,46.7,100
36850520,10:14:10:520,46.72,100
36851274,10:14:11:274,46.715,100
36851768,10:14:11:768,46.71,300
36851768,10:14:11:768,46.71,100
36851768,10:14:11:768,46.71,100
36851768,10:14:11:768,46.71,100
36851768,10:14:11:768,46.71,200
36851768,10:14:11:768,46.71,100
36851768,10:14:11:768,46.71,300
36851768,10:14:11:768,46.71,100
36851768,10:14:11:768,46.71,100
36852006,10:14:12:6,46.71,100
36862149,10:14:22:149,46.705,100
36863527,10:14:23:527,46.7,100
36863528,10:14:23:528,46.7,100
36863530,10:14:23:530,46.7,100
36863534,10:14:23:534,46.7,100
36863629,10:14:23:629,46.7,88
36863643,10:14:23:643,46.7,200
36863733,10:14:23:733,46.7,100
36863733,10:14:23:733,46.7,100
36863733,10:14:23:733,46.7,12
36863734,10:14:23:734,46.7,88
36863734,10:14:23:734,46.7,271
36863734,10:14:23:734,46.7,29
36863734,10:14:23:734,46.7,200
36864889,10:14:24:889,46.695,300
36865127,10:14:25:127,46.695,100
36866375,10:14:26:375,46.69,100
36866375,10:14:26:375,46.69,100
36866375,10:14:26:375,46.69,300
36866375,10:14:26:375,46.69,400
36866375,10:14:26:375,46.69,100
36866376,10:14:26:376,46.69,100
36866376,10:14:26:376,46.69,100
36868847,10:14:28:847,46.68,100
36871037,10:14:31:37,46.68,100
36871037,10:14:31:37,46.68,100
36871037,10:14:31:37,46.68,100
36871037,10:14:31:37,46.68,5
36871266,10:14:31:266,46.67,100
36871267,10:14:31:267,46.67,100
36874690,10:14:34:690,46.67,100
36877120,10:14:37:120,46.665,100
36877199,10:14:37:199,46.665,900
36877245,10:14:37:245,46.665,500
36877246,10:14:37:246,46.66,122
36877247,10:14:37:247,46.66,200
36891091,10:14:51:91,46.67,100
36891967,10:14:51:967,46.68,100
36893450,10:14:53:450,46.68,200
36896187,10:14:56:187,46.68,400
36896187,10:14:56:187,46.68,100
36898225,10:14:58:225,46.67,100
36898252,10:14:58:252,46.67,300
36898252,10:14:58:252,46.67,23
36898308,10:14:58:308,46.67,100
36900913,10:15:0:913,46.67,400
36900913,10:15:0:913,46.67,100
36900913,10:15:0:913,46.67,200
36900917,10:15:0:917,46.67,100
36901511,10:15:1:511,46.67,10
36901513,10:15:1:513,46.67,10
36903258,10:15:3:258,46.66,100
36903258,10:15:3:258,46.66,100
36903258,10:15:3:258,46.66,200
36903258,10:15:3:258,46.66,100
36904527,10:15:4:527,46.66,10
36904527,10:15:4:527,46.66,200
36905405,10:15:5:405,46.66,100
36906995,10:15:6:995,46.66,3
36907541,10:15:7:541,46.655,1600
36907541,10:15:7:541,46.655,100
36907556,10:15:7:556,46.655,100
36907557,10:15:7:557,46.655,100
36907560,10:15:7:560,46.655,100
36907560,10:15:7:560,46.655,100
36907566,10:15:7:566,46.655,120
36907572,10:15:7:572,46.655,180
36908332,10:15:8:332,46.66,97
36908332,10:15:8:332,46.66,3
36908332,10:15:8:332,46.66,8
36908389,10:15:8:389,46.66,200
36910181,10:15:10:181,46.665,220
36915015,10:15:15:15,46.67,100
36915015,10:15:15:15,46.67,22
36925193,10:15:25:193,46.672,5
36934463,10:15:34:463,46.67,100
36934468,10:15:34:468,46.68,100
36934468,10:15:34:468,46.68,100
36934469,10:15:34:469,46.68,100
36934510,10:15:34:510,46.685,200
36938377,10:15:38:377,46.705,100
36939136,10:15:39:136,46.71,100
36939139,10:15:39:139,46.69,100
36939139,10:15:39:139,46.71,200
36939141,10:15:39:141,46.71,100
36939142,10:15:39:142,46.69,200
36939143,10:15:39:143,46.69,100
36939219,10:15:39:219,46.69,400
36939219,10:15:39:219,46.69,100
36939288,10:15:39:288,46.6993,41
36939291,10:15:39:291,46.6999,41
36939409,10:15:39:409,46.69,100
36939465,10:15:39:465,46.7,100
36939466,10:15:39:466,46.7,100
36939566,10:15:39:566,46.7,100
36940774,10:15:40:774,46.7,200
36940812,10:15:40:812,46.69,100
36940813,10:15:40:813,46.69,100
36940813,10:15:40:813,46.69,100
36940813,10:15:40:813,46.69,100
36942829,10:15:42:829,46.68,100
36942916,10:15:42:916,46.68,100
36942916,10:15:42:916,46.68,100
36946370,10:15:46:370,46.65,100
36946499,10:15:46:499,46.67,300
36946499,10:15:46:499,46.67,100
36946499,10:15:46:499,46.67,100
36949673,10:15:49:673,46.66,200
36950899,10:15:50:899,46.66,200
36952225,10:15:52:225,46.66,2
36952225,10:15:52:225,46.66,40
36953915,10:15:53:915,46.655,700
36953926,10:15:53:926,46.655,1800
36954761,10:15:54:761,46.66,100
36954775,10:15:54:775,46.66,9
36957091,10:15:57:91,46.67,100
36957420,10:15:57:420,46.67,100
36964951,10:16:4:951,46.68,14
36964951,10:16:4:951,46.68,86
36974939,10:16:14:939,46.69,35
36974939,10:16:14:939,46.69,150
36974940,10:16:14:940,46.69,15
36974940,10:16:14:940,46.69,10
36975314,10:16:15:314,46.68,100
36975331,10:16:15:331,46.69,100
36982616,10:16:22:616,46.68,900
36982621,10:16:22:621,46.68,100
36983938,10:16:23:938,46.68,100
36983944,10:16:23:944,46.68,100
36983945,10:16:23:945,46.68,100
36983949,10:16:23:949,46.68,100
36983950,10:16:23:950,46.68,100
36983988,10:16:23:988,46.68,100
36983988,10:16:23:988,46.68,200
36984088,10:16:24:88,46.68,200
36985572,10:16:25:572,46.69,100
36987510,10:16:27:510,46.68,100
36987525,10:16:27:525,46.68,100
36987565,10:16:27:565,46.68,100
36987636,10:16:27:636,46.68,100
36987636,10:16:27:636,46.68,100
36987636,10:16:27:636,46.68,100
36987636,10:16:27:636,46.68,100
36987636,10:16:27:636,46.68,301
36987636,10:16:27:636,46.68,100
36987636,10:16:27:636,46.68,100
36987636,10:16:27:636,46.68,100
36991190,10:16:31:190,46.67,1
36991190,10:16:31:190,46.67,199
36992966,10:16:32:966,46.67,101
36992966,10:16:32:966,46.67,100
36993119,10:16:33:119,46.67,15
36993119,10:16:33:119,46.67,53
36993119,10:16:33:119,46.67,100
36993119,10:16:33:119,46.67,47
36993120,10:16:33:120,46.67,100
36993120,10:16:33:120,46.67,197
36993120,10:16:33:120,46.67,3
36993120,10:16:33:120,46.67,10
36993120,10:16:33:120,46.67,3
36993120,10:16:33:120,46.67,100
36993120,10:16:33:120,46.67,100
36993120,10:16:33:120,46.67,100
36993127,10:16:33:127,46.67,200
36993129,10:16:33:129,46.67,299
36993134,10:16:33:134,46.67,2
36993136,10:16:33:136,46.67,10
36993136,10:16:33:136,46.67,100
36995593,10:16:35:593,46.67,98
36995596,10:16:35:596,46.67,98
36998083,10:16:38:83,46.66,16
36998625,10:16:38:625,46.655,600
36999610,10:16:39:610,46.655,100
36999610,10:16:39:610,46.655,400
36999616,10:16:39:616,46.655,200
37000516,10:16:40:516,46.655,500
37000516,10:16:40:516,46.655,500
37000520,10:16:40:520,46.655,200
37000520,10:16:40:520,46.655,100
37000526,10:16:40:526,46.655,500
37000530,10:16:40:530,46.655,200
37000532,10:16:40:532,46.655,314
37001306,10:16:41:306,46.655,100
37005203,10:16:45:203,46.66,102
37005203,10:16:45:203,46.66,98
37005203,10:16:45:203,46.66,100
37007669,10:16:47:669,46.66,23
37007670,10:16:47:670,46.65,77
37007670,10:16:47:670,46.65,23
37011734,10:16:51:734,46.65,64
37014817,10:16:54:817,46.67,100
37014818,10:16:54:818,46.67,100
37014832,10:16:54:832,46.67,8
37023751,10:17:3:751,46.6764,200
37035524,10:17:15:524,46.69,5
37036563,10:17:16:563,46.7,3
37046533,10:17:26:533,46.69,200
37048955,10:17:28:955,46.68,200
37049008,10:17:29:8,46.68,100
37049008,10:17:29:8,46.68,100
37049014,10:17:29:14,46.68,100
37049015,10:17:29:15,46.68,100
37049020,10:17:29:20,46.68,100
37049070,10:17:29:70,46.68,100
37049149,10:17:29:149,46.68,100
37049183,10:17:29:183,46.68,100
37064280,10:17:44:280,46.68,100
37064543,10:17:44:543,46.69,100
37064547,10:17:44:547,46.68,4
37067069,10:17:47:69,46.68,1
37067070,10:17:47:70,46.67,1
37067212,10:17:47:212,46.67,100
37067225,10:17:47:225,46.67,100
37067225,10:17:47:225,46.67,99
37067225,10:17:47:225,46.67,300
37067306,10:17:47:306,46.67,400
37067804,10:17:47:804,46.68,9
37070853,10:17:50:853,46.6728,9
37070939,10:17:50:939,46.67,100
37070939,10:17:50:939,46.67,200
37070940,10:17:50:940,46.67,22
37070940,10:17:50:940,46.67,100
37070940,10:17:50:940,46.67,7
37070940,10:17:50:940,46.67,78
37073223,10:17:53:223,46.66,100
37074709,10:17:54:709,46.65,400
37074724,10:17:54:724,46.65,300
37074725,10:17:54:725,46.65,685
37074729,10:17:54:729,46.65,100
37074731,10:17:54:731,46.65,500
37074742,10:17:54:742,46.65,300
37074743,10:17:54:743,46.65,200
37074869,10:17:54:869,46.65,2
37074872,10:17:54:872,46.65,1
37074872,10:17:54:872,46.65,99
37074872,10:17:54:872,46.65,4
37074872,10:17:54:872,46.65,100
37074872,10:17:54:872,46.65,11
37097353,10:18:17:353,46.67,2
37099359,10:18:19:359,46.67,9
37099391,10:18:19:391,46.68,100
37099391,10:18:19:391,46.68,100
37101339,10:18:21:339,46.6674,100
37101341,10:18:21:341,46.6674,200
37101633,10:18:21:633,46.68,100
37101633,10:18:21:633,46.68,200
37101633,10:18:21:633,46.68,100
37101633,10:18:21:633,46.68,200
37102378,10:18:22:378,46.68,73
37107383,10:18:27:383,46.68,20
37107383,10:18:27:383,46.68,20
37107408,10:18:27:408,46.68,20
37116263,10:18:36:263,46.68,100
37125911,10:18:45:911,46.7,360
37125911,10:18:45:911,46.7,47
37125911,10:18:45:911,46.7,100
37125911,10:18:45:911,46.7,100
37127961,10:18:47:961,46.7,100
37127961,10:18:47:961,46.7,100
37128063,10:18:48:63,46.7,100
37128064,10:18:48:64,46.7,300
37128064,10:18:48:64,46.7,100
37128164,10:18:48:164,46.7,100
37128199,10:18:48:199,46.7,100
37128199,10:18:48:199,46.7,100
37132197,10:18:52:197,46.695,100
37132198,10:18:52:198,46.695,100
37133124,10:18:53:124,46.69,1
37133808,10:18:53:808,46.69,100
37136097,10:18:56:97,46.69,100
37136281,10:18:56:281,46.69,100
37137199,10:18:57:199,46.68,100
37137266,10:18:57:266,46.68,100
37137352,10:18:57:352,46.68,100
37137419,10:18:57:419,46.68,400
37137419,10:18:57:419,46.68,300
37137420,10:18:57:420,46.68,100
37137420,10:18:57:420,46.68,100
37138092,10:18:58:92,46.66,100
37140944,10:19:0:944,46.665,60
37140947,10:19:0:947,46.6698,60
37141094,10:19:1:94,46.665,20
37142357,10:19:2:357,46.66,100
37142358,10:19:2:358,46.66,100
37143918,10:19:3:918,46.65,100
37144153,10:19:4:153,46.65,100
37144153,10:19:4:153,46.65,1
37144153,10:19:4:153,46.65,10
37145352,10:19:5:352,46.65,873
37145354,10:19:5:354,46.65,200
37145363,10:19:5:363,46.65,327
37146381,10:19:6:381,46.65,373
37146384,10:19:6:384,46.65,100
37146392,10:19:6:392,46.65,100
37146395,10:19:6:395,46.65,100
37146395,10:19:6:395,46.65,100
37146398,10:19:6:398,46.65,100
37146406,10:19:6:406,46.65,100
37146941,10:19:6:941,46.65,100
37146997,10:19:6:997,46.65,100
37147357,10:19:7:357,46.6728,100
37147358,10:19:7:358,46.6728,100
37148574,10:19:8:574,46.65,100
37150215,10:19:10:215,46.655,100
37161390,10:19:21:390,46.655,300
37162136,10:19:22:136,46.66,100
37162136,10:19:22:136,46.66,2
37162136,10:19:22:136,46.66,100
37162136,10:19:22:136,46.66,100
37162136,10:19:22:136,46.66,12
37162695,10:19:22:695,46.665,200
37162695,10:19:22:695,46.665,100
37163907,10:19:23:907,46.67,8
37163907,10:19:23:907,46.67,100
37163907,10:19:23:907,46.67,92
37163908,10:19:23:908,46.67,100
37163908,10:19:23:908,46.67,100
37165115,10:19:25:115,46.71,2
37169242,10:19:29:242,46.7,400
37169466,10:19:29:466,46.7,300
37169469,10:19:29:469,46.7,99
37169469,10:19:29:469,46.7,1
37169761,10:19:29:761,46.7,100
37169763,10:19:29:763,46.7,100
37169765,10:19:29:765,46.7,100
37169770,10:19:29:770,46.7,100
37169771,10:19:29:771,46.7,100
37169816,10:19:29:816,46.7,100
37170137,10:19:30:137,46.7,100
37170137,10:19:30:137,46.7,100
37170137,10:19:30:137,46.7,100
37170137,10:19:30:137,46.7,10
37170137,10:19:30:137,46.7,100
37170137,10:19:30:137,46.7,100
37170150,10:19:30:150,46.7,5
37171502,10:19:31:502,46.69,100
37171503,10:19:31:503,46.69,15
37171505,10:19:31:505,46.69,85
37173391,10:19:33:391,46.68,200
37174136,10:19:34:136,46.69,100
37186542,10:19:46:542,46.68,100
37187032,10:19:47:32,46.685,12
37187035,10:19:47:35,46.6802,12
37190557,10:19:50:557,46.67,100
37190806,10:19:50:806,46.67,900
37193384,10:19:53:384,46.67,100
37193384,10:19:53:384,46.67,100
37194144,10:19:54:144,46.67,100
37194144,10:19:54:144,46.67,100
37194327,10:19:54:327,46.67,89
37194353,10:19:54:353,46.67,49
37194901,10:19:54:901,46.67,62
37194902,10:19:54:902,46.67,37
37194902,10:19:54:902,46.67,138
37194903,10:19:54:903,46.67,25
37194936,10:19:54:936,46.68,100
37198365,10:19:58:365,46.66,1
37198365,10:19:58:365,46.66,99
37198365,10:19:58:365,46.66,100
37201071,10:20:1:71,46.65,100
37201846,10:20:1:846,46.65,100
37202836,10:20:2:836,46.655,127
37202845,10:20:2:845,46.66,273
37202845,10:20:2:845,46.66,100
37202846,10:20:2:846,46.66,100
37202846,10:20:2:846,46.66,100
37203272,10:20:3:272,46.65,46
37207081,10:20:7:81,46.65,54
37207081,10:20:7:81,46.65,46
37207563,10:20:7:563,46.655,94
37207575,10:20:7:575,46.6598,94
37207736,10:20:7:736,46.66,5
37207736,10:20:7:736,46.66,95
37207740,10:20:7:740,46.66,5
37210874,10:20:10:874,46.68,100
37210874,10:20:10:874,46.68,100
37210874,10:20:10:874,46.68,100
37219449,10:20:19:449,46.68,100
37219449,10:20:19:449,46.68,100
37219458,10:20:19:458,46.68,20
37220750,10:20:20:750,46.68,10
37220750,10:20:20:750,46.68,23
37223892,10:20:23:892,46.69,200
37225446,10:20:25:446,46.7,100
37237189,10:20:37:189,46.72,200
37241283,10:20:41:283,46.72,400
37241447,10:20:41:447,46.72,1500
37241447,10:20:41:447,46.72,100
37241447,10:20:41:447,46.72,100
37241448,10:20:41:448,46.72,100
37241448,10:20:41:448,46.72,200
37241448,10:20:41:448,46.72,100
37241448,10:20:41:448,46.72,10
37241525,10:20:41:525,46.72,100
37242203,10:20:42:203,46.74,100
37242203,10:20:42:203,46.74,100
37242203,10:20:42:203,46.74,100
37242203,10:20:42:203,46.74,100
37242203,10:20:42:203,46.74,6
37242204,10:20:42:204,46.74,94
37242452,10:20:42:452,46.75,100
37242457,10:20:42:457,46.76,100
37242457,10:20:42:457,46.76,1
37250516,10:20:50:516,46.79,100
37251244,10:20:51:244,46.78,100
37251245,10:20:51:245,46.78,10
37251245,10:20:51:245,46.78,10
37251954,10:20:51:954,46.8,18
37264584,10:21:4:584,46.77,1
37271867,10:21:11:867,46.77,100
37271868,10:21:11:868,46.77,100
37271868,10:21:11:868,46.77,100
37271868,10:21:11:868,46.77,35
37271868,10:21:11:868,46.77,65
37271868,10:21:11:868,46.77,5
37271868,10:21:11:868,46.77,85
37271868,10:21:11:868,46.77,10
37272119,10:21:12:119,46.78,100
37272781,10:21:12:781,46.77,1
37277832,10:21:17:832,46.77,100
37277832,10:21:17:832,46.77,100
37283370,10:21:23:370,46.76,100
37286333,10:21:26:333,46.77,100
37287835,10:21:27:835,46.76,100
37287835,10:21:27:835,46.76,100
37294861,10:21:34:861,46.76,100
37295240,10:21:35:240,46.76,50
37295240,10:21:35:240,46.76,50
37295240,10:21:35:240,46.76,100
37300728,10:21:40:728,46.75,100
37306830,10:21:46:830,46.75,100
37316884,10:21:56:884,46.75,100
37316884,10:21:56:884,46.75,100
37316884,10:21:56:884,46.75,100
37316884,10:21:56:884,46.75,100
37316884,10:21:56:884,46.75,9
37316985,10:21:56:985,46.75,10
37317096,10:21:57:96,46.76,100
37319645,10:21:59:645,46.74,20
37329419,10:22:9:419,46.75,100
37329419,10:22:9:419,46.75,100
37329430,10:22:9:430,46.75,100
37329431,10:22:9:431,46.75,100
37339044,10:22:19:44,46.75,1
37341965,10:22:21:965,46.74,300
37341965,10:22:21:965,46.74,200
37341966,10:22:21:966,46.74,20
37341966,10:22:21:966,46.74,10
37341968,10:22:21:968,46.74,100
37341968,10:22:21:968,46.74,100
37359232,10:22:39:232,46.75,17
37359325,10:22:39:325,46.75,83
37359325,10:22:39:325,46.76,67
37359325,10:22:39:325,46.75,100
37359325,10:22:39:325,46.75,5
37365166,10:22:45:166,46.74,100
37365694,10:22:45:694,46.74,100
37374453,10:22:54:453,46.7541,123
37379969,10:22:59:969,46.74,10
37392556,10:23:12:556,46.76,19
37392556,10:23:12:556,46.76,100
37392556,10:23:12:556,46.76,19
37392556,10:23:12:556,46.76,14
37392596,10:23:12:596,46.76,81
37392754,10:23:12:754,46.75,20
37392755,10:23:12:755,46.75,20
37428507,10:23:48:507,46.74,100
37470743,10:24:30:743,46.74,100
37470743,10:24:30:743,46.74,100
37470743,10:24:30:743,46.74,100
37470743,10:24:30:743,46.74,100
37470744,10:24:30:744,46.74,101
37470744,10:24:30:744,46.74,100
37470744,10:24:30:744,46.74,100
37470744,10:24:30:744,46.74,100
37470874,10:24:30:874,46.75,100
37470921,10:24:30:921,46.75,100
37500013,10:25:0:13,46.75,2
37509016,10:25:9:16,46.74,100
37516124,10:25:16:124,46.75,5
37516124,10:25:16:124,46.75,44
37524055,10:25:24:55,46.731,300
37524259,10:25:24:259,46.75,100
37524260,10:25:24:260,46.75,51
37528714,10:25:28:714,46.75,80
37528714,10:25:28:714,46.75,100
37528714,10:25:28:714,46.75,20
37528714,10:25:28:714,46.75,100
37528714,10:25:28:714,46.75,100
37528714,10:25:28:714,46.75,98
37528714,10:25:28:714,46.75,2
37528714,10:25:28:714,46.75,13
37528715,10:25:28:715,46.76,100
37528715,10:25:28:715,46.76,100
37528715,10:25:28:715,46.76,100
37528715,10:25:28:715,46.76,100
37528715,10:25:28:715,46.76,100
37528721,10:25:28:721,46.76,100
37528721,10:25:28:721,46.76,10
37528724,10:25:28:724,46.75,100
37528794,10:25:28:794,46.75,100
37528794,10:25:28:794,46.75,100
37528795,10:25:28:795,46.75,100
37528795,10:25:28:795,46.75,100
37528795,10:25:28:795,46.75,100
37528795,10:25:28:795,46.75,100
37528795,10:25:28:795,46.75,100
37528833,10:25:28:833,46.75,100
37529368,10:25:29:368,46.76,100
37529368,10:25:29:368,46.76,100
37529368,10:25:29:368,46.76,15
37529368,10:25:29:368,46.76,100
37529884,10:25:29:884,46.75,100
37550323,10:25:50:323,46.77,200
37550323,10:25:50:323,46.77,100
37550324,10:25:50:324,46.77,6
37550324,10:25:50:324,46.77,1
37550332,10:25:50:332,46.77,113
37550433,10:25:50:433,46.77,100
37550489,10:25:50:489,46.78,100
37556900,10:25:56:900,46.78,100
37557024,10:25:57:24,46.78,100
37557024,10:25:57:24,46.78,200
37558229,10:25:58:229,46.77,100
37558231,10:25:58:231,46.77,100
37572652,10:26:12:652,46.77,20
37573655,10:26:13:655,46.77,20
37573655,10:26:13:655,46.77,1
37573656,10:26:13:656,46.77,141
37573656,10:26:13:656,46.77,22
37573657,10:26:13:657,46.77,42
37573657,10:26:13:657,46.77,80
37573657,10:26:13:657,46.77,58
37573657,10:26:13:657,46.77,78
37573657,10:26:13:657,46.77,98
37573657,10:26:13:657,46.77,2
37573662,10:26:13:662,46.76,100
37573662,10:26:13:662,46.76,100
37574566,10:26:14:566,46.76,100
37574667,10:26:14:667,46.75,100
37574672,10:26:14:672,46.75,100
37575796,10:26:15:796,46.75,100
37575810,10:26:15:810,46.75,8
37575810,10:26:15:810,46.75,100
37575811,10:26:15:811,46.75,100
37575811,10:26:15:811,46.75,100
37575811,10:26:15:811,46.75,10
37575811,10:26:15:811,46.75,8
37575811,10:26:15:811,46.75,2
37576893,10:26:16:893,46.74,2
37576893,10:26:16:893,46.74,6
37580392,10:26:20:392,46.76,100
37582541,10:26:22:541,46.75,100
37582548,10:26:22:548,46.75,2
37583906,10:26:23:906,46.76,160
37600035,10:26:40:35,46.752,21
37617061,10:26:57:61,46.77,200
37617062,10:26:57:62,46.77,100
37618365,10:26:58:365,46.74,100
37618365,10:26:58:365,46.74,100
37618365,10:26:58:365,46.74,100
37618365,10:26:58:365,46.74,100
37618365,10:26:58:365,46.74,6
37618369,10:26:58:369,46.73,20
37618390,10:26:58:390,46.73,601
37620272,10:27:0:272,46.72,10
37620760,10:27:0:760,46.7551,100
37631692,10:27:11:692,46.7362,3
37656099,10:27:36:99,46.72,30
37656099,10:27:36:99,46.72,23
37656099,10:27:36:99,46.72,77
37692303,10:28:12:303,46.72,100
37692303,10:28:12:303,46.72,100
37692303,10:28:12:303,46.72,2
37692303,10:28:12:303,46.72,70
37693837,10:28:13:837,46.72,100
37693837,10:28:13:837,46.72,100
37693838,10:28:13:838,46.72,10
37693843,10:28:13:843,46.72,100
37693924,10:28:13:924,46.72,85
37694148,10:28:14:148,46.73,100
37694148,10:28:14:148,46.73,100
37694148,10:28:14:148,46.73,14
37694303,10:28:14:303,46.73,100
37708187,10:28:28:187,46.73,6
37708192,10:28:28:192,46.73,100
37709164,10:28:29:164,46.73,100
37709166,10:28:29:166,46.73,94
37709166,10:28:29:166,46.73,100
37709166,10:28:29:166,46.73,100
37715996,10:28:35:996,46.74,100
37723095,10:28:43:95,46.74,100
37723135,10:28:43:135,46.74,10
37723391,10:28:43:391,46.74,90
37740047,10:29:0:47,46.73,3
37740048,10:29:0:48,46.73,7
37761744,10:29:21:744,46.75,69
37761744,10:29:21:744,46.75,31
37761744,10:29:21:744,46.75,81
37761744,10:29:21:744,46.75,19
37761744,10:29:21:744,46.75,100
37762847,10:29:22:847,46.76,4
37771179,10:29:31:179,46.76,100
37771964,10:29:31:964,46.76,100
37782891,10:29:42:891,46.755,300
37791207,10:29:51:207,46.75,100
37791220,10:29:51:220,46.75,100
37791220,10:29:51:220,46.75,100
37791220,10:29:51:220,46.75,400
37791220,10:29:51:220,46.75,100
37791220,10:29:51:220,46.75,100
37791220,10:29:51:220,46.75,100
37791220,10:29:51:220,46.75,400
37791221,10:29:51:221,46.74,100
37791221,10:29:51:221,46.74,58
37792006,10:29:52:6,46.72,100
37792007,10:29:52:7,46.72,100
37792016,10:29:52:16,46.72,100
37792022,10:29:52:22,46.72,100
37792022,10:29:52:22,46.72,100
37792028,10:29:52:28,46.72,100
37792187,10:29:52:187,46.72,100
37792188,10:29:52:188,46.72,15
37792191,10:29:52:191,46.72,100
37792215,10:29:52:215,46.72,100
37792245,10:29:52:245,46.72,8
37792524,10:29:52:524,46.72,100
37792534,10:29:52:534,46.71,100
37794641,10:29:54:641,46.71,100
37794657,10:29:54:657,46.71,100
37797728,10:29:57:728,46.72,100
37799084,10:29:59:84,46.71,20
37801017,10:30:1:17,46.72,200
37801018,10:30:1:18,46.72,200
37801174,10:30:1:174,46.71,22
37801175,10:30:1:175,46.71,200
37805084,10:30:5:84,46.71,100
37805109,10:30:5:109,46.71,100
37805116,10:30:5:116,46.71,100
37805190,10:30:5:190,46.71,100
37805218,10:30:5:218,46.72,23
37809213,10:30:9:213,46.72,77
37809221,10:30:9:221,46.72,100
37809291,10:30:9:291,46.72,100
37810198,10:30:10:198,46.72,100
37810198,10:30:10:198,46.72,100
37810198,10:30:10:198,46.72,100
37810199,10:30:10:199,46.72,100
37810199,10:30:10:199,46.72,100
37810199,10:30:10:199,46.72,100
37810199,10:30:10:199,46.72,100
37810199,10:30:10:199,46.72,100
37810199,10:30:10:199,46.72,13
37810199,10:30:10:199,46.72,3
37810200,10:30:10:200,46.73,100
37810200,10:30:10:200,46.73,200
37810200,10:30:10:200,46.73,100
37810201,10:30:10:201,46.73,100
37810513,10:30:10:513,46.73,100
37810514,10:30:10:514,46.72,100
37812471,10:30:12:471,46.74,23
37816805,10:30:16:805,46.74,100
37848706,10:30:48:706,46.74,100
37848706,10:30:48:706,46.74,100
37848706,10:30:48:706,46.74,100
37852552,10:30:52:552,46.74,100
37852552,10:30:52:552,46.74,100
37852552,10:30:52:552,46.74,100
37852552,10:30:52:552,46.74,200
37852552,10:30:52:552,46.74,100
37852552,10:30:52:552,46.74,10
37852552,10:30:52:552,46.74,100
37852633,10:30:52:633,46.74,100
37852634,10:30:52:634,46.74,100
37852635,10:30:52:635,46.74,100
37858873,10:30:58:873,46.73,100
37858873,10:30:58:873,46.73,100
37858873,10:30:58:873,46.73,100
37858873,10:30:58:873,46.73,100
37858873,10:30:58:873,46.73,23
37858874,10:30:58:874,46.72,241
37858874,10:30:58:874,46.72,100
37858874,10:30:58:874,46.72,100
37862759,10:31:2:759,46.72,100
37862760,10:31:2:760,46.72,100
37862760,10:31:2:760,46.72,200
37862760,10:31:2:760,46.72,100
37862760,10:31:2:760,46.72,11
37862762,10:31:2:762,46.72,100
37862765,10:31:2:765,46.72,100
37863409,10:31:3:409,46.72,100
37863409,10:31:3:409,46.72,100
37869333,10:31:9:333,46.72,100
37869333,10:31:9:333,46.72,100
37869340,10:31:9:340,46.73,14
37869340,10:31:9:340,46.72,100
37869341,10:31:9:341,46.73,86
37869347,10:31:9:347,46.72,14
37871572,10:31:11:572,46.72,9
37871572,10:31:11:572,46.72,1
37871573,10:31:11:573,46.72,90
37888247,10:31:28:247,46.71,100
37888248,10:31:28:248,46.71,79
37888248,10:31:28:248,46.71,21
37888427,10:31:28:427,46.72,100
37899206,10:31:39:206,46.71,200
37899206,10:31:39:206,46.71,500
37935891,10:32:15:891,46.7,100
37935891,10:32:15:891,46.7,100
37935892,10:32:15:892,46.7,100
37935892,10:32:15:892,46.7,100
37935892,10:32:15:892,46.7,202
37935892,10:32:15:892,46.7,100
37935892,10:32:15:892,46.7,100
37935892,10:32:15:892,46.7,1
37949185,10:32:29:185,46.69,100
37949185,10:32:29:185,46.69,1
37949185,10:32:29:185,46.695,53
37949185,10:32:29:185,46.69,100
37949185,10:32:29:185,46.69,80
37949186,10:32:29:186,46.69,20
37949186,10:32:29:186,46.69,10
37949186,10:32:29:186,46.69,23
37949186,10:32:29:186,46.69,100
37949205,10:32:29:205,46.68,6
37949209,10:32:29:209,46.68,1
37949241,10:32:29:241,46.67,20
37949252,10:32:29:252,46.67,100
37949253,10:32:29:253,46.67,100
37949253,10:32:29:253,46.67,1
37949253,10:32:29:253,46.67,99
37949723,10:32:29:723,46.66,100
37949724,10:32:29:724,46.66,100
37950346,10:32:30:346,46.64,100
37950350,10:32:30:350,46.65,100
37953091,10:32:33:91,46.63,100
37953092,10:32:33:92,46.63,10
37953092,10:32:33:92,46.62,63
37953092,10:32:33:92,46.62,87
37953092,10:32:33:92,46.62,13
37953094,10:32:33:94,46.62,100
37953095,10:32:33:95,46.62,100
37953095,10:32:33:95,46.62,100
37953095,10:32:33:95,46.62,100
37953095,10:32:33:95,46.62,100
37953095,10:32:33:95,46.62,100
37953095,10:32:33:95,46.62,100
37953095,10:32:33:95,46.62,100
37953095,10:32:33:95,46.62,100
37953096,10:32:33:96,46.62,100
37953096,10:32:33:96,46.62,100
37953103,10:32:33:103,46.62,100
37953772,10:32:33:772,46.62,64
37953773,10:32:33:773,46.62,37
37954602,10:32:34:602,46.62,237
37954603,10:32:34:603,46.62,63
37954603,10:32:34:603,46.62,100
37954603,10:32:34:603,46.62,63
37954603,10:32:34:603,46.62,100
37954603,10:32:34:603,46.62,100
37954603,10:32:34:603,46.62,100
37954603,10:32:34:603,46.62,15
37954603,10:32:34:603,46.62,6
37954603,10:32:34:603,46.62,79
37954603,10:32:34:603,46.62,21
37955827,10:32:35:827,46.62,100
37955827,10:32:35:827,46.62,100
37955827,10:32:35:827,46.62,100
37955827,10:32:35:827,46.62,100
37955827,10:32:35:827,46.62,100
37955828,10:32:35:828,46.62,100
37956080,10:32:36:80,46.62,10
37956080,10:32:36:80,46.62,10
37957846,10:32:37:846,46.62,100
37957846,10:32:37:846,46.62,100
37957846,10:32:37:846,46.62,200
37957846,10:32:37:846,46.62,100
37957846,10:32:37:846,46.62,6
37995564,10:33:15:564,46.63,200
37995565,10:33:15:565,46.63,200
37995565,10:33:15:565,46.63,100
37995565,10:33:15:565,46.63,100
37995565,10:33:15:565,46.63,100
37997264,10:33:17:264,46.64,100
38000583,10:33:20:583,46.65,100
38000933,10:33:20:933,46.64,200
38021201,10:33:41:201,46.63,100
38021207,10:33:41:207,46.63,100
38021207,10:33:41:207,46.63,100
38021208,10:33:41:208,46.63,100
38021208,10:33:41:208,46.63,100
38021208,10:33:41:208,46.63,100
38028460,10:33:48:460,46.63,100
38028460,10:33:48:460,46.63,100
38028460,10:33:48:460,46.63,10
38028510,10:33:48:510,46.63,10
38046870,10:34:6:870,46.63,100
38047507,10:34:7:507,46.63,66
38052753,10:34:12:753,46.63,100
38052753,10:34:12:753,46.63,100
38080995,10:34:40:995,46.63,100
38087281,10:34:47:281,46.63,200
38087281,10:34:47:281,46.63,4
38087281,10:34:47:281,46.63,100
38087281,10:34:47:281,46.63,100
38087281,10:34:47:281,46.63,200
38087281,10:34:47:281,46.63,100
38087281,10:34:47:281,46.63,100
38087281,10:34:47:281,46.63,100
38087289,10:34:47:289,46.64,100
38096925,10:34:56:925,46.64,100
38097762,10:34:57:762,46.64,100
38112072,10:35:12:72,46.64,1
38121062,10:35:21:62,46.6917,100
38122078,10:35:22:78,46.65,100
38122078,10:35:22:78,46.65,100
38122078,10:35:22:78,46.65,100
38122079,10:35:22:79,46.65,10
38122086,10:35:22:86,46.66,100
38123451,10:35:23:451,46.65,100
38123451,10:35:23:451,46.65,100
38142318,10:35:42:318,46.64,100
38142318,10:35:42:318,46.64,300
38142318,10:35:42:318,46.64,100
38142318,10:35:42:318,46.64,6
38142318,10:35:42:318,46.64,94
38142319,10:35:42:319,46.64,6
38142332,10:35:42:332,46.64,41
38147631,10:35:47:631,46.64,3
38147631,10:35:47:631,46.64,3
38148258,10:35:48:258,46.64,97
38148258,10:35:48:258,46.64,97
38163152,10:36:3:152,46.63,100
38185991,10:36:25:991,46.6499,8
38185992,10:36:25:992,46.65,100
38185992,10:36:25:992,46.65,100
38185992,10:36:25:992,46.65,60
38185992,10:36:25:992,46.65,94
38186248,10:36:26:248,46.65,100
38186248,10:36:26:248,46.65,100
38186248,10:36:26:248,46.65,100
38186248,10:36:26:248,46.65,100
38186248,10:36:26:248,46.65,100
38186248,10:36:26:248,46.65,100
38186248,10:36:26:248,46.65,100
38186256,10:36:26:256,46.65,100
38186256,10:36:26:256,46.65,6
38186256,10:36:26:256,46.65,94
38186364,10:36:26:364,46.64,100
38186435,10:36:26:435,46.645,100
38187225,10:36:27:225,46.65,100
38219754,10:36:59:754,46.64,10
38227119,10:37:7:119,46.64,97
38227119,10:37:7:119,46.64,3
38227120,10:37:7:120,46.64,100
38227120,10:37:7:120,46.64,100
38227120,10:37:7:120,46.64,47
38227120,10:37:7:120,46.64,100
38227120,10:37:7:120,46.64,53
38227120,10:37:7:120,46.64,53
38227123,10:37:7:123,46.63,100
38227123,10:37:7:123,46.63,46
38227123,10:37:7:123,46.63,100
38227123,10:37:7:123,46.63,46
38227123,10:37:7:123,46.63,100
38227123,10:37:7:123,46.63,100
38227123,10:37:7:123,46.63,100
38227123,10:37:7:123,46.63,54
38227495,10:37:7:495,46.63,100
38227495,10:37:7:495,46.63,1
38227495,10:37:7:495,46.63,95
38227496,10:37:7:496,46.63,100
38227496,10:37:7:496,46.63,100
38227496,10:37:7:496,46.63,4
38227496,10:37:7:496,46.63,100
38227496,10:37:7:496,46.63,4
38252117,10:37:32:117,46.6418,200
38252118,10:37:32:118,46.6418,100
38257511,10:37:37:511,46.62,100
38268559,10:37:48:559,46.625,20
38279060,10:37:59:60,46.63,254
38279061,10:37:59:61,46.63,5
38279061,10:37:59:61,46.63,96
38279061,10:37:59:61,46.63,95
38279061,10:37:59:61,46.63,100
38279061,10:37:59:61,46.63,100
38279061,10:37:59:61,46.63,3
38279061,10:37:59:61,46.63,15
38279061,10:37:59:61,46.63,100
38279061,10:37:59:61,46.63,46
38279062,10:37:59:62,46.63,5
38279062,10:37:59:62,46.63,100
38279062,10:37:59:62,46.63,46
38279063,10:37:59:63,46.63,100
38279095,10:37:59:95,46.625,100
38285422,10:38:5:422,46.64,100
38287808,10:38:7:808,46.64,100
38287808,10:38:7:808,46.64,10
38287808,10:38:7:808,46.64,10
38287808,10:38:7:808,46.64,96
38287808,10:38:7:808,46.64,10
38287808,10:38:7:808,46.64,4
38287808,10:38:7:808,46.64,70
38287808,10:38:7:808,46.64,3
38287808,10:38:7:808,46.64,4
38287808,10:38:7:808,46.64,100
38287808,10:38:7:808,46.64,54
38287808,10:38:7:808,46.64,100
38287809,10:38:7:809,46.65,400
38287925,10:38:7:925,46.635,100
38291963,10:38:11:963,46.65,100
38308362,10:38:28:362,46.65,300
38308363,10:38:28:363,46.65,100
38308363,10:38:28:363,46.65,2
38312974,10:38:32:974,46.65,100
38312974,10:38:32:974,46.65,200
38312974,10:38:32:974,46.65,100
38312974,10:38:32:974,46.65,100
38312974,10:38:32:974,46.65,97
38312974,10:38:32:974,46.65,400
38312974,10:38:32:974,46.65,3
38312974,10:38:32:974,46.65,200
38312974,10:38:32:974,46.65,100
38312974,10:38:32:974,46.65,100
38312975,10:38:32:975,46.64,100
38312975,10:38:32:975,46.64,100
38312975,10:38:32:975,46.64,100
38312975,10:38:32:975,46.65,100
38312975,10:38:32:975,46.64,100
38313010,10:38:33:10,46.63,162
38313010,10:38:33:10,46.63,97
38313010,10:38:33:10,46.63,138
38313010,10:38:33:10,46.63,100
38313010,10:38:33:10,46.63,100
38313010,10:38:33:10,46.63,100
38313010,10:38:33:10,46.63,100
38313011,10:38:33:11,46.63,3
38313011,10:38:33:11,46.63,100
38313011,10:38:33:11,46.63,100
38314634,10:38:34:634,46.63,100
38314641,10:38:34:641,46.63,300
38332427,10:38:52:427,46.63,60
38332430,10:38:52:430,46.63,40
38332431,10:38:52:431,46.63,1
38332431,10:38:52:431,46.63,60
38332431,10:38:52:431,46.63,100
38332431,10:38:52:431,46.63,100
38332431,10:38:52:431,46.63,100
38332431,10:38:52:431,46.63,100
38332431,10:38:52:431,46.63,10
38332431,10:38:52:431,46.63,100
38332431,10:38:52:431,46.63,1
38332431,10:38:52:431,46.63,9
38340037,10:39:0:37,46.63,10
38348087,10:39:8:87,46.64,200
38348087,10:39:8:87,46.64,100
38348087,10:39:8:87,46.64,100
38348087,10:39:8:87,46.64,3
38348087,10:39:8:87,46.64,200
38348087,10:39:8:87,46.64,100
38348088,10:39:8:88,46.65,100
38348088,10:39:8:88,46.65,100
38348088,10:39:8:88,46.65,100
38348088,10:39:8:88,46.65,100
38348088,10:39:8:88,46.65,100
38348092,10:39:8:92,46.64,100
38348232,10:39:8:232,46.65,100
38348233,10:39:8:233,46.64,1
38369490,10:39:29:490,46.645,40
38371419,10:39:31:419,46.65,100
38371420,10:39:31:420,46.65,100
38371420,10:39:31:420,46.65,13
38372089,10:39:32:89,46.6396,100
38372089,10:39:32:89,46.6396,100
38382112,10:39:42:112,46.66,66
38382113,10:39:42:113,46.66,100
38382113,10:39:42:113,46.66,100
38382113,10:39:42:113,46.66,100
38382113,10:39:42:113,46.66,37
38382113,10:39:42:113,46.66,63
38392522,10:39:52:522,46.66,200
38392523,10:39:52:523,46.66,100
38392525,10:39:52:525,46.66,100
38392525,10:39:52:525,46.66,100
38395002,10:39:55:2,46.66,19
38399163,10:39:59:163,46.655,100
38415924,10:40:15:924,46.655,100
38419467,10:40:19:467,46.65,100
38419467,10:40:19:467,46.65,89
38419467,10:40:19:467,46.65,15
38419467,10:40:19:467,46.65,100
38419468,10:40:19:468,46.64,100
38419468,10:40:19:468,46.64,1
38419473,10:40:19:473,46.64,100
38420501,10:40:20:501,46.64,100
38420533,10:40:20:533,46.63,100
38420589,10:40:20:589,46.64,1
38431753,10:40:31:753,46.63,100
38431753,10:40:31:753,46.63,200
38431753,10:40:31:753,46.63,100
38431767,10:40:31:767,46.62,44
38431767,10:40:31:767,46.62,1
38455073,10:40:55:73,46.614,60
38459564,10:40:59:564,46.61,20
38468146,10:41:8:146,46.61,5
38513932,10:41:53:932,46.62,100
38526712,10:42:6:712,46.615,6
38559228,10:42:39:228,46.62,335
38559229,10:42:39:229,46.62,150
38559229,10:42:39:229,46.62,100
38559229,10:42:39:229,46.62,100
38559229,10:42:39:229,46.62,100
38559229,10:42:39:229,46.62,3
38559229,10:42:39:229,46.62,115
38559229,10:42:39:229,46.62,100
38559229,10:42:39:229,46.62,100
38559229,10:42:39:229,46.62,10
38559229,10:42:39:229,46.62,3
38559229,10:42:39:229,46.62,5
38559231,10:42:39:231,46.63,100
38559231,10:42:39:231,46.63,100
38559231,10:42:39:231,46.63,100
38559231,10:42:39:231,46.63,38
38559231,10:42:39:231,46.63,62
38559232,10:42:39:232,46.63,100
38559238,10:42:39:238,46.62,500
38559243,10:42:39:243,46.63,100
38559244,10:42:39:244,46.63,100
38559244,10:42:39:244,46.63,100
38559244,10:42:39:244,46.63,2
38559244,10:42:39:244,46.63,98
38559328,10:42:39:328,46.6175,100
38559427,10:42:39:427,46.62,238
38561083,10:42:41:83,46.63,100
38561083,10:42:41:83,46.63,500
38565369,10:42:45:369,46.64,100
38565372,10:42:45:372,46.64,100
38566743,10:42:46:743,46.63,200
38566743,10:42:46:743,46.63,100
38566743,10:42:46:743,46.63,100
38566743,10:42:46:743,46.63,100
38566743,10:42:46:743,46.63,100
38586145,10:43:6:145,46.62,35
38590313,10:43:10:313,46.6338,200
38590313,10:43:10:313,46.6338,100
38591044,10:43:11:44,46.62,1
38608237,10:43:28:237,46.62,100
38608237,10:43:28:237,46.62,100
38608237,10:43:28:237,46.62,100
38608237,10:43:28:237,46.62,64
38608237,10:43:28:237,46.62,100
38608237,10:43:28:237,46.62,100
38608237,10:43:28:237,46.62,100
38608239,10:43:28:239,46.61,100
38637552,10:43:57:552,46.61,30
38641989,10:44:1:989,46.617,400
38644796,10:44:4:796,46.62,100
38649176,10:44:9:176,46.62,100
38666253,10:44:26:253,46.61,100
38676385,10:44:36:385,46.62,100
38676385,10:44:36:385,46.62,3
38676385,10:44:36:385,46.62,97
38676385,10:44:36:385,46.62,100
38676385,10:44:36:385,46.62,103
38676621,10:44:36:621,46.615,100
38685139,10:44:45:139,46.62,100
38692139,10:44:52:139,46.622,15
38701478,10:45:1:478,46.63,73
38721113,10:45:21:113,46.62,20
38721857,10:45:21:857,46.63,100
38723608,10:45:23:608,46.62,100
38723608,10:45:23:608,46.62,7
38723608,10:45:23:608,46.62,100
38723608,10:45:23:608,46.62,200
38723608,10:45:23:608,46.62,100
38723608,10:45:23:608,46.62,165
38723610,10:45:23:610,46.61,100
38726721,10:45:26:721,46.61,53
38726721,10:45:26:721,46.61,47
38726721,10:45:26:721,46.61,103
38726721,10:45:26:721,46.61,47
38726722,10:45:26:722,46.61,97
38726722,10:45:26:722,46.61,100
38726732,10:45:26:732,46.6,2
38752220,10:45:52:220,46.6,100
38760013,10:46:0:13,46.6,30
38760015,10:46:0:15,46.6,87
38761463,10:46:1:463,46.6,175
38761463,10:46:1:463,46.6,100
38761463,10:46:1:463,46.6,100
38761463,10:46:1:463,46.6,13
38761463,10:46:1:463,46.6,100
38761464,10:46:1:464,46.6,1
38761464,10:46:1:464,46.6,100
38761464,10:46:1:464,46.6,100
38761471,10:46:1:471,46.6,100
38761484,10:46:1:484,46.59,2
38764321,10:46:4:321,46.59,1
38764346,10:46:4:346,46.59,99
38768059,10:46:8:59,46.595,6
38773941,10:46:13:941,46.595,63
38788675,10:46:28:675,46.59,112
38788676,10:46:28:676,46.59,1
38788676,10:46:28:676,46.59,11
38788676,10:46:28:676,46.59,146
38788676,10:46:28:676,46.595,100
38788676,10:46:28:676,46.59,25
38788676,10:46:28:676,46.59,2
38788676,10:46:28:676,46.59,23
38788676,10:46:28:676,46.59,100
38788676,10:46:28:676,46.59,8
38788676,10:46:28:676,46.59,88
38788724,10:46:28:724,46.59,100
38789230,10:46:29:230,46.58,100
38792867,10:46:32:867,46.58,1
38792867,10:46:32:867,46.58,100
38792867,10:46:32:867,46.58,10
38792867,10:46:32:867,46.58,10
38792867,10:46:32:867,46.58,10
38792942,10:46:32:942,46.58,100
38797207,10:46:37:207,46.5754,130
38797208,10:46:37:208,46.58,100
38797208,10:46:37:208,46.58,235
38797208,10:46:37:208,46.58,100
38797208,10:46:37:208,46.58,565
38797208,10:46:37:208,46.58,3
38797208,10:46:37:208,46.58,100
38797208,10:46:37:208,46.58,100
38797208,10:46:37:208,46.58,100
38797208,10:46:37:208,46.58,100
38797208,10:46:37:208,46.58,100
38797208,10:46:37:208,46.58,100
38797208,10:46:37:208,46.58,14
38797208,10:46:37:208,46.58,12
38797208,10:46:37:208,46.58,10
38812215,10:46:52:215,46.58,300
38825867,10:47:5:867,46.58,300
38825867,10:47:5:867,46.58,100
38825867,10:47:5:867,46.58,100
38825867,10:47:5:867,46.58,1
38825867,10:47:5:867,46.58,100
38825867,10:47:5:867,46.58,100
38825868,10:47:5:868,46.58,100
38825868,10:47:5:868,46.58,100
38825900,10:47:5:900,46.57,1
38835408,10:47:15:408,46.58,100
38858958,10:47:38:958,46.58,100
38870625,10:47:50:625,46.58,100
38870625,10:47:50:625,46.58,23
38870625,10:47:50:625,46.58,100
38870625,10:47:50:625,46.58,177
38870625,10:47:50:625,46.58,6
38870625,10:47:50:625,46.58,23
38870625,10:47:50:625,46.58,77
38870626,10:47:50:626,46.58,200
38870627,10:47:50:627,46.58,100
38870627,10:47:50:627,46.58,100
38870627,10:47:50:627,46.58,100
38870627,10:47:50:627,46.58,50
38870627,10:47:50:627,46.58,50
38870627,10:47:50:627,46.58,100
38870627,10:47:50:627,46.58,74
38870627,10:47:50:627,46.58,26
38870627,10:47:50:627,46.58,8
38870627,10:47:50:627,46.58,7
38870627,10:47:50:627,46.58,200
38870634,10:47:50:634,46.58,200
38873803,10:47:53:803,46.58,100
38882006,10:48:2:6,46.59,5
38882006,10:48:2:6,46.58,100
38882052,10:48:2:52,46.59,100
38882053,10:48:2:53,46.59,100
38882053,10:48:2:53,46.59,95
38882053,10:48:2:53,46.59,100
38882053,10:48:2:53,46.59,100
38882053,10:48:2:53,46.59,11
38882053,10:48:2:53,46.59,5
38882053,10:48:2:53,46.59,100
38882058,10:48:2:58,46.59,100
38882433,10:48:2:433,46.59,100
38883965,10:48:3:965,46.59,100
38883965,10:48:3:965,46.6,200
38891959,10:48:11:959,46.6064,134
38918857,10:48:38:857,46.62,30
38923795,10:48:43:795,46.6,1
38949909,10:49:9:909,46.62,100
38957260,10:49:17:260,46.61,1
38957261,10:49:17:261,46.62,1
38957261,10:49:17:261,46.62,4
38957262,10:49:17:262,46.62,100
38957262,10:49:17:262,46.62,100
38957263,10:49:17:263,46.62,100
38957263,10:49:17:263,46.62,100
38957263,10:49:17:263,46.62,100
38957263,10:49:17:263,46.62,96
38957263,10:49:17:263,46.62,100
38957304,10:49:17:304,46.62,26
38957304,10:49:17:304,46.62,100
38958773,10:49:18:773,46.62,100
38964327,10:49:24:327,46.62,5
38973425,10:49:33:425,46.62,100
38973427,10:49:33:427,46.62,100
38973468,10:49:33:468,46.62,100
38986809,10:49:46:809,46.62,100
38986809,10:49:46:809,46.62,100
38986809,10:49:46:809,46.62,100
38986809,10:49:46:809,46.62,100
38986810,10:49:46:810,46.62,9
39006920,10:50:6:920,46.63,100
39009559,10:50:9:559,46.63,100
39024313,10:50:24:313,46.62,149
39024359,10:50:24:359,46.63,100
39042052,10:50:42:52,46.63,100
39060282,10:51:0:282,46.62,1
39060308,10:51:0:308,46.62,141
39060308,10:51:0:308,46.62,201
39060308,10:51:0:308,46.62,100
39060308,10:51:0:308,46.62,100
39060308,10:51:0:308,46.62,100
39060308,10:51:0:308,46.62,249
39060308,10:51:0:308,46.62,100
39060308,10:51:0:308,46.62,100
39060308,10:51:0:308,46.62,100
39060355,10:51:0:355,46.62,100
39062443,10:51:2:443,46.62,100
39062443,10:51:2:443,46.62,100
39062443,10:51:2:443,46.62,100
39062443,10:51:2:443,46.62,100
39062443,10:51:2:443,46.62,100
39062443,10:51:2:443,46.62,11
39062444,10:51:2:444,46.63,10
39062451,10:51:2:451,46.62,100
39062460,10:51:2:460,46.62,200
39062985,10:51:2:985,46.62,100
39066336,10:51:6:336,46.61,5
39073020,10:51:13:20,46.62,10
39082990,10:51:22:990,46.62,200
39083040,10:51:23:40,46.62,10
39083040,10:51:23:40,46.62,100
39083041,10:51:23:41,46.62,10
39083041,10:51:23:41,46.62,10
39083041,10:51:23:41,46.62,10
39087977,10:51:27:977,46.61,95
39087977,10:51:27:977,46.61,147
39087977,10:51:27:977,46.61,354
39087977,10:51:27:977,46.61,100
39087977,10:51:27:977,46.61,100
39087977,10:51:27:977,46.61,100
39087977,10:51:27:977,46.61,100
39087977,10:51:27:977,46.61,200
39087977,10:51:27:977,46.61,100
39087977,10:51:27:977,46.61,100
39087978,10:51:27:978,46.6,51
39087978,10:51:27:978,46.6,100
39087978,10:51:27:978,46.6,100
39087978,10:51:27:978,46.6,187
39087978,10:51:27:978,46.6,100
39087979,10:51:27:979,46.6,100
39087979,10:51:27:979,46.6,100
39087979,10:51:27:979,46.6,100
39087979,10:51:27:979,46.6,13
39087979,10:51:27:979,46.6,88
39087979,10:51:27:979,46.6,83
39087979,10:51:27:979,46.6,10
39087979,10:51:27:979,46.6,10
39087979,10:51:27:979,46.6,159
39091769,10:51:31:769,46.59,100
39091769,10:51:31:769,46.59,100
39091769,10:51:31:769,46.59,100
39091769,10:51:31:769,46.59,100
39091769,10:51:31:769,46.59,100
39091769,10:51:31:769,46.59,100
39091769,10:51:31:769,46.59,200
39091770,10:51:31:770,46.59,300
39091770,10:51:31:770,46.59,23
39091770,10:51:31:770,46.59,100
39091772,10:51:31:772,46.59,100
39091816,10:51:31:816,46.59,100
39093095,10:51:33:95,46.58,1
39095366,10:51:35:366,46.59,100
39095366,10:51:35:366,46.59,100
39095366,10:51:35:366,46.59,100
39095366,10:51:35:366,46.59,100
39095366,10:51:35:366,46.59,100
39123086,10:52:3:86,46.59,8
39123086,10:52:3:86,46.59,4
39123086,10:52:3:86,46.59,100
39123086,10:52:3:86,46.59,200
39123086,10:52:3:86,46.59,88
39123086,10:52:3:86,46.59,12
39123086,10:52:3:86,46.59,88
39123087,10:52:3:87,46.59,100
39123087,10:52:3:87,46.59,85
39123087,10:52:3:87,46.59,100
39123087,10:52:3:87,46.59,100
39123087,10:52:3:87,46.59,3
39123088,10:52:3:88,46.59,12
39123088,10:52:3:88,46.59,100
39123088,10:52:3:88,46.59,100
39123088,10:52:3:88,46.59,75
39123088,10:52:3:88,46.59,100
39123088,10:52:3:88,46.59,100
39123088,10:52:3:88,46.59,100
39123089,10:52:3:89,46.59,100
39123089,10:52:3:89,46.59,198
39133188,10:52:13:188,46.58,1
39153138,10:52:33:138,46.59,100
39154611,10:52:34:611,46.59,5
39171059,10:52:51:59,46.58,99
39171059,10:52:51:59,46.58,1
39171059,10:52:51:59,46.58,9
39171433,10:52:51:433,46.58,90
39183218,10:53:3:218,46.59,100
39183220,10:53:3:220,46.59,100
39183220,10:53:3:220,46.59,2
39183220,10:53:3:220,46.59,100
39183220,10:53:3:220,46.59,100
39183220,10:53:3:220,46.59,10
39183220,10:53:3:220,46.59,10
39183221,10:53:3:221,46.59,10
39183246,10:53:3:246,46.59,70
39183246,10:53:3:246,46.59,4
39183246,10:53:3:246,46.59,26
39183256,10:53:3:256,46.59,95
39190590,10:53:10:590,46.6,100
39191287,10:53:11:287,46.59,36
39220089,10:53:40:89,46.6,100
39240177,10:54:0:177,46.59,1
39240237,10:54:0:237,46.59,99
39245089,10:54:5:89,46.5992,100
39247378,10:54:7:378,46.59,100
39247395,10:54:7:395,46.59,37
39247427,10:54:7:427,46.6,100
39250705,10:54:10:705,46.5901,11
39252424,10:54:12:424,46.6,100
39252424,10:54:12:424,46.6,39
39252424,10:54:12:424,46.6,100
39252424,10:54:12:424,46.6,1
39252424,10:54:12:424,46.6,61
39252424,10:54:12:424,46.6,34
39252424,10:54:12:424,46.6,100
39252424,10:54:12:424,46.6,200
39252424,10:54:12:424,46.6,98
39252424,10:54:12:424,46.6,2
39252424,10:54:12:424,46.6,98
39252424,10:54:12:424,46.6,50
39252424,10:54:12:424,46.6,300
39252424,10:54:12:424,46.6,100
39252424,10:54:12:424,46.6,100
39252424,10:54:12:424,46.6,10
39252424,10:54:12:424,46.6,10
39252424,10:54:12:424,46.6,8
39252424,10:54:12:424,46.6,90
39252424,10:54:12:424,46.6,10
39252424,10:54:12:424,46.6,66
39252424,10:54:12:424,46.6,10
39252424,10:54:12:424,46.6,34
39252424,10:54:12:424,46.6,1
39252424,10:54:12:424,46.6,65
39252424,10:54:12:424,46.6,100
39252424,10:54:12:424,46.6,100
39252425,10:54:12:425,46.6,100
39252425,10:54:12:425,46.6,100
39252425,10:54:12:425,46.6,100
39252425,10:54:12:425,46.6,21
39252425,10:54:12:425,46.6,100
39252425,10:54:12:425,46.6,100
39252425,10:54:12:425,46.6,100
39252426,10:54:12:426,46.6,200
39252427,10:54:12:427,46.6,100
39252427,10:54:12:427,46.6,100
39252427,10:54:12:427,46.6,10
39252427,10:54:12:427,46.6,10
39252427,10:54:12:427,46.6,10
39252427,10:54:12:427,46.6,10
39252427,10:54:12:427,46.6,10
39252427,10:54:12:427,46.6,100
39252427,10:54:12:427,46.6,100
39252427,10:54:12:427,46.6,50
39252429,10:54:12:429,46.6,1
39252429,10:54:12:429,46.6,1
39252467,10:54:12:467,46.6,100
39254696,10:54:14:696,46.6,100
39254696,10:54:14:696,46.6,100
39258966,10:54:18:966,46.6,100
39261224,10:54:21:224,46.59,152
39261224,10:54:21:224,46.59,121
39261224,10:54:21:224,46.59,79
39261224,10:54:21:224,46.59,100
39261224,10:54:21:224,46.59,100
39261224,10:54:21:224,46.59,100
39261224,10:54:21:224,46.59,100
39261224,10:54:21:224,46.59,176
39261224,10:54:21:224,46.59,21
39261224,10:54:21:224,46.59,100
39261224,10:54:21:224,46.59,97
39261224,10:54:21:224,46.59,97
39261224,10:54:21:224,46.59,100
39261225,10:54:21:225,46.59,100
39261225,10:54:21:225,46.59,100
39261225,10:54:21:225,46.59,100
39261225,10:54:21:225,46.59,148
39261226,10:54:21:226,46.59,3
39261228,10:54:21:228,46.59,100
39261424,10:54:21:424,46.58,100
39261426,10:54:21:426,46.58,100
39261426,10:54:21:426,46.58,27
39277880,10:54:37:880,46.59,100
39277998,10:54:37:998,46.5899,110
39280911,10:54:40:911,46.59,200
39280912,10:54:40:912,46.59,100
39280912,10:54:40:912,46.59,100
39280912,10:54:40:912,46.59,1
39280912,10:54:40:912,46.59,200
39280912,10:54:40:912,46.59,100
39280912,10:54:40:912,46.59,100
39280912,10:54:40:912,46.59,100
39280912,10:54:40:912,46.59,100
39280912,10:54:40:912,46.59,10
39280913,10:54:40:913,46.59,3
39280913,10:54:40:913,46.59,7
39280913,10:54:40:913,46.59,93
39280913,10:54:40:913,46.59,7
39280913,10:54:40:913,46.59,5
39280913,10:54:40:913,46.59,5
39280913,10:54:40:913,46.59,3
39280913,10:54:40:913,46.59,92
39283149,10:54:43:149,46.59,40
39283154,10:54:43:154,46.59,20
39283154,10:54:43:154,46.59,100
39283154,10:54:43:154,46.59,100
39283154,10:54:43:154,46.59,40
39283154,10:54:43:154,46.59,100
39283154,10:54:43:154,46.59,297
39283154,10:54:43:154,46.59,100
39283155,10:54:43:155,46.59,3
39288431,10:54:48:431,46.59,100
39299224,10:54:59:224,46.59,400
39299224,10:54:59:224,46.59,100
39299249,10:54:59:249,46.59,2
39299249,10:54:59:249,46.59,100
39303165,10:55:3:165,46.59,20
39303166,10:55:3:166,46.59,20
39303168,10:55:3:168,46.59,40
39303168,10:55:3:168,46.59,60
39303168,10:55:3:168,46.59,100
39303168,10:55:3:168,46.59,60
39303168,10:55:3:168,46.59,100
39307769,10:55:7:769,46.58,20
39307781,10:55:7:781,46.58,80
39315209,10:55:15:209,46.58,1
39315209,10:55:15:209,46.58,100
39315209,10:55:15:209,46.58,23
39315209,10:55:15:209,46.58,93
39315209,10:55:15:209,46.58,107
39315209,10:55:15:209,46.58,43
39315209,10:55:15:209,46.58,90
39315209,10:55:15:209,46.58,100
39315210,10:55:15:210,46.58,110
39315210,10:55:15:210,46.58,97
39315210,10:55:15:210,46.58,100
39315210,10:55:15:210,46.58,200
39315210,10:55:15:210,46.58,11
39315210,10:55:15:210,46.58,165
39315210,10:55:15:210,46.58,41
39315210,10:55:15:210,46.58,35
39315210,10:55:15:210,46.58,50
39315210,10:55:15:210,46.58,100
39315233,10:55:15:233,46.57,100
39321075,10:55:21:75,46.575,14
39330455,10:55:30:455,46.58,200
39330455,10:55:30:455,46.58,80
39343499,10:55:43:499,46.58,100
39343499,10:55:43:499,46.58,100
39343499,10:55:43:499,46.58,100
39343500,10:55:43:500,46.58,100
39343500,10:55:43:500,46.58,1
39343500,10:55:43:500,46.58,100
39343500,10:55:43:500,46.58,200
39343500,10:55:43:500,46.58,100
39343500,10:55:43:500,46.58,70
39343501,10:55:43:501,46.58,30
39343528,10:55:43:528,46.59,100
39356939,10:55:56:939,46.59,100
39357462,10:55:57:462,46.59,100
39358969,10:55:58:969,46.6,100
39358969,10:55:58:969,46.6,100
39365096,10:56:5:96,46.5906,100
39376404,10:56:16:404,46.61,100
39376404,10:56:16:404,46.61,1
39376405,10:56:16:405,46.61,100
39376508,10:56:16:508,46.61,100
39376576,10:56:16:576,46.61,100
39376874,10:56:16:874,46.6,2
39394135,10:56:34:135,46.6,20
39394161,10:56:34:161,46.6,20
39402949,10:56:42:949,46.61,200
39404566,10:56:44:566,46.6,20
39404788,10:56:44:788,46.6,20
39418204,10:56:58:204,46.609,200
39422712,10:57:2:712,46.61,200
39423636,10:57:3:636,46.61,20
39423641,10:57:3:641,46.61,100
39423642,10:57:3:642,46.61,4
39423642,10:57:3:642,46.61,100
39431214,10:57:11:214,46.62,100
39431230,10:57:11:230,46.6201,11
39432161,10:57:12:161,46.62,20
39432162,10:57:12:162,46.62,20
39432169,10:57:12:169,46.61,20
39432170,10:57:12:170,46.62,60
39432170,10:57:12:170,46.61,20
39450193,10:57:30:193,46.63,100
39450415,10:57:30:415,46.63,100
39456164,10:57:36:164,46.63,100
39456166,10:57:36:166,46.63,100
39456216,10:57:36:216,46.63,100
39456216,10:57:36:216,46.63,100
39472134,10:57:52:134,46.63,67
39472134,10:57:52:134,46.63,33
39472134,10:57:52:134,46.63,43
39472134,10:57:52:134,46.63,79
39477428,10:57:57:428,46.62,80
39477428,10:57:57:428,46.62,100
39477429,10:57:57:429,46.62,100
39477429,10:57:57:429,46.62,20
39477429,10:57:57:429,46.62,200
39477429,10:57:57:429,46.62,319
39477430,10:57:57:430,46.62,100
39477430,10:57:57:430,46.62,100
39481971,10:58:1:971,46.62,63
39481971,10:58:1:971,46.62,100
39492876,10:58:12:876,46.62,3
39496802,10:58:16:802,46.62,60
39500502,10:58:20:502,46.62,20
39501499,10:58:21:499,46.63,100
39501499,10:58:21:499,46.63,200
39519194,10:58:39:194,46.62,20
39519194,10:58:39:194,46.62,100
39519195,10:58:39:195,46.62,20
39519195,10:58:39:195,46.62,60
39519195,10:58:39:195,46.62,40
39519195,10:58:39:195,46.62,100
39519195,10:58:39:195,46.61,20
39519232,10:58:39:232,46.62,100
39600268,11:0:0:268,46.61,38
39600268,11:0:0:268,46.61,62
39600268,11:0:0:268,46.61,38
39600268,11:0:0:268,46.61,38
39600268,11:0:0:268,46.61,62
39600268,11:0:0:268,46.61,162
39600268,11:0:0:268,46.61,100
39600268,11:0:0:268,46.61,40
39600269,11:0:0:269,46.61,7
39600269,11:0:0:269,46.61,200
39600269,11:0:0:269,46.61,15
39600269,11:0:0:269,46.61,85
39600269,11:0:0:269,46.61,103
39600269,11:0:0:269,46.61,100
39606822,11:0:6:822,46.61,100
39612991,11:0:12:991,46.61,100
39613049,11:0:13:49,46.61,100
39613049,11:0:13:49,46.61,100
39613049,11:0:13:49,46.61,100
39613050,11:0:13:50,46.61,300
39613050,11:0:13:50,46.61,100
39613050,11:0:13:50,46.61,100
39613050,11:0:13:50,46.61,5
39613050,11:0:13:50,46.62,10
39613051,11:0:13:51,46.62,190
39613051,11:0:13:51,46.62,100
39613051,11:0:13:51,46.62,100
39613062,11:0:13:62,46.61,112
39613085,11:0:13:85,46.63,100
39613086,11:0:13:86,46.63,100
39613086,11:0:13:86,46.63,2
39613157,11:0:13:157,46.63,200
39613157,11:0:13:157,46.63,100
39613157,11:0:13:157,46.63,100
39613158,11:0:13:158,46.63,61
39613158,11:0:13:158,46.63,100
39613250,11:0:13:250,46.61,100
39623916,11:0:23:916,46.63,100
39663684,11:1:3:684,46.63,20
39671414,11:1:11:414,46.63,100
39671414,11:1:11:414,46.63,100
39671414,11:1:11:414,46.63,2
39671414,11:1:11:414,46.63,100
39671414,11:1:11:414,46.63,100
39671415,11:1:11:415,46.63,6
39671415,11:1:11:415,46.63,94
39671415,11:1:11:415,46.63,6
39671415,11:1:11:415,46.63,100
39671415,11:1:11:415,46.63,100
39671415,11:1:11:415,46.63,100
39671416,11:1:11:416,46.63,98
39671419,11:1:11:419,46.63,100
39671420,11:1:11:420,46.63,100
39671497,11:1:11:497,46.64,100
39693702,11:1:33:702,46.64,75
39693703,11:1:33:703,46.64,100
39693703,11:1:33:703,46.64,100
39693703,11:1:33:703,46.64,12
39693703,11:1:33:703,46.64,88
39694200,11:1:34:200,46.64,125
39694201,11:1:34:201,46.64,11
39694204,11:1:34:204,46.65,100
39701549,11:1:41:549,46.65,100
39709182,11:1:49:182,46.65,100
39713414,11:1:53:414,46.65,100
39713414,11:1:53:414,46.65,12
39713415,11:1:53:415,46.65,10
39713416,11:1:53:416,46.65,78
39713418,11:1:53:418,46.65,88
39713423,11:1:53:423,46.65,100
39714150,11:1:54:150,46.65,3
39714240,11:1:54:240,46.65,23
39714240,11:1:54:240,46.65,100
39721939,11:2:1:939,46.65,100
39721939,11:2:1:939,46.65,100
39722108,11:2:2:108,46.65,100
39740730,11:2:20:730,46.64,200
39754692,11:2:34:692,46.645,20
39755186,11:2:35:186,46.645,3
39755186,11:2:35:186,46.64,17
39755186,11:2:35:186,46.64,100
39755186,11:2:35:186,46.64,100
39755186,11:2:35:186,46.64,20
39755186,11:2:35:186,46.64,520
39755187,11:2:35:187,46.64,104
39755187,11:2:35:187,46.64,100
39755187,11:2:35:187,46.64,23
39755187,11:2:35:187,46.64,112
39755187,11:2:35:187,46.64,100
39755187,11:2:35:187,46.64,100
39755188,11:2:35:188,46.63,100
39755188,11:2:35:188,46.63,39
39755189,11:2:35:189,46.63,20
39755190,11:2:35:190,46.63,100
39755191,11:2:35:191,46.63,100
39755191,11:2:35:191,46.63,100
39755191,11:2:35:191,46.63,59
39755191,11:2:35:191,46.63,100
39755191,11:2:35:191,46.63,200
39755191,11:2:35:191,46.63,80
39755191,11:2:35:191,46.63,61
39755191,11:2:35:191,46.63,41
39755191,11:2:35:191,46.63,100
39755246,11:2:35:246,46.62,20
39755247,11:2:35:247,46.62,20
39755247,11:2:35:247,46.62,20
39755247,11:2:35:247,46.62,20
39755247,11:2:35:247,46.62,20
39757899,11:2:37:899,46.62,20
39757900,11:2:37:900,46.62,80
39757901,11:2:37:901,46.62,20
39757902,11:2:37:902,46.62,20
39757904,11:2:37:904,46.62,100
39757904,11:2:37:904,46.62,100
39757905,11:2:37:905,46.62,100
39757905,11:2:37:905,46.62,200
39757905,11:2:37:905,46.62,80
39757905,11:2:37:905,46.62,100
39757905,11:2:37:905,46.62,60
39757905,11:2:37:905,46.62,88
39757905,11:2:37:905,46.62,100
39757905,11:2:37:905,46.62,17
39757907,11:2:37:907,46.62,83
39757907,11:2:37:907,46.61,17
39757908,11:2:37:908,46.61,100
39757908,11:2:37:908,46.61,187
39758130,11:2:38:130,46.6,200
39758130,11:2:38:130,46.6,25
39759840,11:2:39:840,46.6,57
39763536,11:2:43:536,46.6,75
39763536,11:2:43:536,46.6,100
39763537,11:2:43:537,46.6,9
39763537,11:2:43:537,46.6,1
39763649,11:2:43:649,46.6,100
39763649,11:2:43:649,46.6,100
39763649,11:2:43:649,46.6,100
39763651,11:2:43:651,46.6,74
39763651,11:2:43:651,46.6,21
39763652,11:2:43:652,46.6,100
39763652,11:2:43:652,46.6,100
39763653,11:2:43:653,46.6,100
39763653,11:2:43:653,46.6,100
39763653,11:2:43:653,46.6,15
39763661,11:2:43:661,46.6,100
39768717,11:2:48:717,46.61,200
39768718,11:2:48:718,46.61,100
39768718,11:2:48:718,46.61,9
39768723,11:2:48:723,46.61,200
39768832,11:2:48:832,46.61,100
39785001,11:3:5:1,46.62,100
39785002,11:3:5:2,46.63,200
39785004,11:3:5:4,46.63,100
39785005,11:3:5:5,46.63,100
39785005,11:3:5:5,46.63,100
39785029,11:3:5:29,46.63,100
39785029,11:3:5:29,46.63,300
39785029,11:3:5:29,46.63,100
39785049,11:3:5:49,46.62,100
39785050,11:3:5:50,46.62,100
39785050,11:3:5:50,46.62,600
39785050,11:3:5:50,46.62,100
39785050,11:3:5:50,46.62,100
39785052,11:3:5:52,46.62,300
39785143,11:3:5:143,46.63,100
39786152,11:3:6:152,46.63,100
39839205,11:3:59:205,46.62,100
39839245,11:3:59:245,46.62,100
39839246,11:3:59:246,46.62,100
39839246,11:3:59:246,46.62,100
39839335,11:3:59:335,46.62,100
39839364,11:3:59:364,46.62,90
39839956,11:3:59:956,46.61,10
39857211,11:4:17:211,46.63,100
39876176,11:4:36:176,46.62,100
39876376,11:4:36:376,46.62,100
39876376,11:4:36:376,46.62,100
39876376,11:4:36:376,46.62,100
39876376,11:4:36:376,46.62,100
39876417,11:4:36:417,46.62,100
39876417,11:4:36:417,46.62,100
39876425,11:4:36:425,46.62,100
39884356,11:4:44:356,46.61,200
39884356,11:4:44:356,46.61,101
39884356,11:4:44:356,46.61,100
39884357,11:4:44:357,46.61,9
39884363,11:4:44:363,46.61,100
39884363,11:4:44:363,46.61,100
39884363,11:4:44:363,46.61,100
39884363,11:4:44:363,46.61,100
39884363,11:4:44:363,46.61,45
39884363,11:4:44:363,46.61,46
39884440,11:4:44:440,46.61,100
39884444,11:4:44:444,46.61,100
39884444,11:4:44:444,46.61,100
39905653,11:5:5:653,46.6186,6
39919644,11:5:19:644,46.61,100
39919645,11:5:19:645,46.61,100
39920700,11:5:20:700,46.61,100
39920701,11:5:20:701,46.61,100
39942119,11:5:42:119,46.6,100
39942281,11:5:42:281,46.6,100
39942281,11:5:42:281,46.6,100
39942281,11:5:42:281,46.6,100
39942283,11:5:42:283,46.6,100
39942283,11:5:42:283,46.6,100
39942283,11:5:42:283,46.6,100
39942283,11:5:42:283,46.6,97
39942283,11:5:42:283,46.6,3
39944422,11:5:44:422,46.59,39
39944425,11:5:44:425,46.59,25
39945446,11:5:45:446,46.595,4
39949323,11:5:49:323,46.59,27
39949323,11:5:49:323,46.59,23
39949323,11:5:49:323,46.59,200
39949323,11:5:49:323,46.59,100
39949323,11:5:49:323,46.59,73
39950450,11:5:50:450,46.58,100
39950450,11:5:50:450,46.58,1
39950450,11:5:50:450,46.58,1
39950450,11:5:50:450,46.58,100
39950451,11:5:50:451,46.58,100
39950452,11:5:50:452,46.57,100
39950453,11:5:50:453,46.57,2
39950503,11:5:50:503,46.57,100
39950503,11:5:50:503,46.57,100
39951016,11:5:51:16,46.56,100
39951084,11:5:51:84,46.57,100
39951084,11:5:51:84,46.57,100
39951084,11:5:51:84,46.57,100
39951084,11:5:51:84,46.57,7
39951084,11:5:51:84,46.57,3
39951092,11:5:51:92,46.57,100
39951405,11:5:51:405,46.57,100
39951408,11:5:51:408,46.57,4
39951408,11:5:51:408,46.57,100
39951408,11:5:51:408,46.57,100
39951408,11:5:51:408,46.57,300
39951413,11:5:51:413,46.58,100
39951414,11:5:51:414,46.57,200
39951546,11:5:51:546,46.58,4
39951546,11:5:51:546,46.58,7
39953632,11:5:53:632,46.56,100
39953633,11:5:53:633,46.56,2
39953633,11:5:53:633,46.56,10
39953641,11:5:53:641,46.55,2
39953641,11:5:53:641,46.55,198
39954086,11:5:54:86,46.54,100
39954086,11:5:54:86,46.54,100
39954089,11:5:54:89,46.54,200
39954089,11:5:54:89,46.54,1
39954089,11:5:54:89,46.54,4
39954089,11:5:54:89,46.54,100
39954091,11:5:54:91,46.54,100
39954802,11:5:54:802,46.6142,100
39958225,11:5:58:225,46.54,100
39958226,11:5:58:226,46.54,100
39958617,11:5:58:617,46.53,100
39958617,11:5:58:617,46.53,200
39958617,11:5:58:617,46.53,100
39958617,11:5:58:617,46.53,100
39958617,11:5:58:617,46.53,10
39958617,11:5:58:617,46.53,190
39958617,11:5:58:617,46.53,10
39958619,11:5:58:619,46.52,100
39958620,11:5:58:620,46.52,1
39958620,11:5:58:620,46.52,1
39958622,11:5:58:622,46.51,2
39958623,11:5:58:623,46.51,100
39958623,11:5:58:623,46.51,100
39958623,11:5:58:623,46.51,100
39958623,11:5:58:623,46.51,100
39958623,11:5:58:623,46.51,100
39958623,11:5:58:623,46.51,100
39958623,11:5:58:623,46.51,100
39958623,11:5:58:623,46.51,100
39958624,11:5:58:624,46.51,100
39958626,11:5:58:626,46.51,100
39958626,11:5:58:626,46.51,200
39958626,11:5:58:626,46.51,100
39958626,11:5:58:626,46.51,100
39958626,11:5:58:626,46.51,100
39958626,11:5:58:626,46.51,79
39958627,11:5:58:627,46.51,21
39958627,11:5:58:627,46.51,100
39958627,11:5:58:627,46.51,81
39958628,11:5:58:628,46.51,19
39958628,11:5:58:628,46.51,60
39960940,11:6:0:940,46.51,200
39963293,11:6:3:293,46.5,24
39963296,11:6:3:296,46.5,100
39963807,11:6:3:807,46.49,200
39963807,11:6:3:807,46.49,100
39963807,11:6:3:807,46.49,100
39963808,11:6:3:808,46.49,30
39963808,11:6:3:808,46.49,46
39963810,11:6:3:810,46.495,100
39963815,11:6:3:815,46.49,100
39963854,11:6:3:854,46.49,46
39964351,11:6:4:351,46.48,67
39964382,11:6:4:382,46.47,300
39968200,11:6:8:200,46.49,100
39968200,11:6:8:200,46.49,100
39968200,11:6:8:200,46.49,1
39968200,11:6:8:200,46.49,100
39968200,11:6:8:200,46.5,26
39968200,11:6:8:200,46.49,100
39968200,11:6:8:200,46.49,67
39968200,11:6:8:200,46.49,100
39968202,11:6:8:202,46.5,100
39968202,11:6:8:202,46.5,74
39968203,11:6:8:203,46.5,100
39968204,11:6:8:204,46.5,100
39968204,11:6:8:204,46.5,100
39968234,11:6:8:234,46.5,100
39968234,11:6:8:234,46.5,100
39968234,11:6:8:234,46.5,10
39968234,11:6:8:234,46.5,10
39968234,11:6:8:234,46.5,10
39968234,11:6:8:234,46.5,70
39968234,11:6:8:234,46.5,30
39968234,11:6:8:234,46.5,100
39968234,11:6:8:234,46.5,100
39968234,11:6:8:234,46.5,1
39968234,11:6:8:234,46.5,100
39968234,11:6:8:234,46.5,100
39968235,11:6:8:235,46.5,70
39968236,11:6:8:236,46.5,199
39968236,11:6:8:236,46.5,1
39968236,11:6:8:236,46.5,200
39968236,11:6:8:236,46.5,199
39968245,11:6:8:245,46.5,100
39968245,11:6:8:245,46.5,100
39968245,11:6:8:245,46.5,300
39968245,11:6:8:245,46.5,100
39968245,11:6:8:245,46.5,100
39968245,11:6:8:245,46.5,10
39968245,11:6:8:245,46.5,100
39968245,11:6:8:245,46.5,10
39968245,11:6:8:245,46.5,10
39968260,11:6:8:260,46.5,100
39968334,11:6:8:334,46.5,100
39968334,11:6:8:334,46.5,100
39968334,11:6:8:334,46.5,100
39968334,11:6:8:334,46.5,100
39968335,11:6:8:335,46.5,100
39968336,11:6:8:336,46.5,100
39968877,11:6:8:877,46.51,5
39968962,11:6:8:962,46.51,100
39968962,11:6:8:962,46.51,202
39968962,11:6:8:962,46.51,98
39968962,11:6:8:962,46.51,100
39968963,11:6:8:963,46.51,95
39968963,11:6:8:963,46.51,100
39968963,11:6:8:963,46.51,100
39969216,11:6:9:216,46.52,200
39969216,11:6:9:216,46.52,100
39969217,11:6:9:217,46.52,100
39971185,11:6:11:185,46.53,200
39971185,11:6:11:185,46.53,100
39971186,11:6:11:186,46.53,2
39976818,11:6:16:818,46.53,100
39976818,11:6:16:818,46.53,100
39976818,11:6:16:818,46.53,100
39976819,11:6:16:819,46.53,100
39976819,11:6:16:819,46.53,100
39976822,11:6:16:822,46.53,100
39982641,11:6:22:641,46.53,100
40012763,11:6:52:763,46.53,200
40013064,11:6:53:64,46.53,100
40039381,11:7:19:381,46.52,20
40039381,11:7:19:381,46.52,100
40039382,11:7:19:382,46.52,346
40039382,11:7:19:382,46.52,20
40039382,11:7:19:382,46.52,107
40039382,11:7:19:382,46.52,300
40039382,11:7:19:382,46.52,76
40039383,11:7:19:383,46.53,1
40039383,11:7:19:383,46.52,23
40039383,11:7:19:383,46.52,1
40039384,11:7:19:384,46.52,93
40039384,11:7:19:384,46.52,6
40039385,11:7:19:385,46.52,100
40039396,11:7:19:396,46.51,100
40039397,11:7:19:397,46.51,163
40039399,11:7:19:399,46.51,137
40039421,11:7:19:421,46.5,100
40039439,11:7:19:439,46.5,20
40039446,11:7:19:446,46.5,20
40040095,11:7:20:95,46.5,100
40040096,11:7:20:96,46.5,60
40040096,11:7:20:96,46.5,3
40041103,11:7:21:103,46.5,300
40041103,11:7:21:103,46.5,100
40041103,11:7:21:103,46.5,100
40041109,11:7:21:109,46.5,100
40045891,11:7:25:891,46.4999,60
40045896,11:7:25:896,46.495,105
40067709,11:7:47:709,46.49,100
40068297,11:7:48:297,46.49,100
40068297,11:7:48:297,46.49,200
40068297,11:7:48:297,46.49,100
40068297,11:7:48:297,46.49,100
40068297,11:7:48:297,46.49,100
40068297,11:7:48:297,46.49,100
40068297,11:7:48:297,46.49,100
40068297,11:7:48:297,46.49,198
40068297,11:7:48:297,46.49,2
40069192,11:7:49:192,46.48,100
40069192,11:7:49:192,46.48,10
40069192,11:7:49:192,46.48,10
40069192,11:7:49:192,46.48,10
40070042,11:7:50:42,46.48,45
40110167,11:8:30:167,46.47,100
40110167,11:8:30:167,46.47,100
40110167,11:8:30:167,46.47,130
40110167,11:8:30:167,46.47,100
40110167,11:8:30:167,46.47,100
40110167,11:8:30:167,46.47,2
40110167,11:8:30:167,46.47,100
40110167,11:8:30:167,46.47,96
40110167,11:8:30:167,46.47,1
40117910,11:8:37:910,46.47,100
40118917,11:8:38:917,46.46,129
40118917,11:8:38:917,46.46,100
40118918,11:8:38:918,46.46,100
40118927,11:8:38:927,46.46,100
40118928,11:8:38:928,46.46,100
40118928,11:8:38:928,46.46,100
40121810,11:8:41:810,46.45,100
40121810,11:8:41:810,46.45,56
40121811,11:8:41:811,46.45,100
40121811,11:8:41:811,46.45,44
40121812,11:8:41:812,46.45,56
40121812,11:8:41:812,46.45,100
40121812,11:8:41:812,46.45,10
40121813,11:8:41:813,46.45,34
40121971,11:8:41:971,46.44,100
40121972,11:8:41:972,46.44,100
40121972,11:8:41:972,46.44,100
40122078,11:8:42:78,46.42,30
40122084,11:8:42:84,46.42,14
40122086,11:8:42:86,46.42,56
40122087,11:8:42:87,46.42,100
40122087,11:8:42:87,46.42,100
40122088,11:8:42:88,46.42,100
40122089,11:8:42:89,46.43,100
40122090,11:8:42:90,46.43,44
40122105,11:8:42:105,46.43,40
40122731,11:8:42:731,46.43,200
40122956,11:8:42:956,46.43,100
40122957,11:8:42:957,46.43,200
40122957,11:8:42:957,46.43,13
40122957,11:8:42:957,46.43,100
40122957,11:8:42:957,46.43,100
40122957,11:8:42:957,46.43,6
40122957,11:8:42:957,46.43,1
40122965,11:8:42:965,46.44,100
40123009,11:8:43:9,46.44,100
40123019,11:8:43:19,46.43,100
40124643,11:8:44:643,46.44,100
40151703,11:9:11:703,46.42,100
40155040,11:9:15:40,46.427,200
40155421,11:9:15:421,46.44,100
40161522,11:9:21:522,46.44,100
40161522,11:9:21:522,46.44,100
40161522,11:9:21:522,46.44,3
40161522,11:9:21:522,46.44,100
40161522,11:9:21:522,46.44,55
40161522,11:9:21:522,46.44,145
40161523,11:9:21:523,46.44,7
40161523,11:9:21:523,46.44,93
40161523,11:9:21:523,46.44,100
40161524,11:9:21:524,46.45,100
40164886,11:9:24:886,46.46,3
40164886,11:9:24:886,46.46,100
40164886,11:9:24:886,46.46,13
40189454,11:9:49:454,46.46,97
40189454,11:9:49:454,46.46,3
40201316,11:10:1:316,46.4599,200
40201676,11:10:1:676,46.46,100
40201677,11:10:1:677,46.46,10
40207255,11:10:7:255,46.47,100
40207255,11:10:7:255,46.47,12
40207255,11:10:7:255,46.47,100
40208484,11:10:8:484,46.47,100
40208484,11:10:8:484,46.47,10
40208484,11:10:8:484,46.47,10
40208484,11:10:8:484,46.47,45
40208484,11:10:8:484,46.47,48
40223475,11:10:23:475,46.49,100
40234249,11:10:34:249,46.471,100
40234252,11:10:34:252,46.489,490
40251295,11:10:51:295,46.47,18
40251295,11:10:51:295,46.47,74
40254944,11:10:54:944,46.4775,1
40281213,11:11:21:213,46.4633,100
40295450,11:11:35:450,46.48,100
40327618,11:12:7:618,46.471,28
40328679,11:12:8:679,46.48,100
40328679,11:12:8:679,46.48,7
40328679,11:12:8:679,46.48,100
40328679,11:12:8:679,46.48,200
40328679,11:12:8:679,46.48,100
40328679,11:12:8:679,46.48,100
40328679,11:12:8:679,46.48,100
40328679,11:12:8:679,46.48,10
40328679,11:12:8:679,46.48,4
40328680,11:12:8:680,46.48,32
40328680,11:12:8:680,46.48,100
40328680,11:12:8:680,46.48,68
40338379,11:12:18:379,46.49,82
40350351,11:12:30:351,46.49,18
40360264,11:12:40:264,46.47,22
40363991,11:12:43:991,46.47,100
40363991,11:12:43:991,46.48,100
40363991,11:12:43:991,46.47,3
40363991,11:12:43:991,46.47,100
40381667,11:13:1:667,46.4899,20
40405128,11:13:25:128,46.48,100
40405128,11:13:25:128,46.48,100
40405129,11:13:25:129,46.48,100
40405129,11:13:25:129,46.48,100
40405129,11:13:25:129,46.48,200
40405129,11:13:25:129,46.48,100
40405129,11:13:25:129,46.48,100
40405129,11:13:25:129,46.48,200
40405129,11:13:25:129,46.48,100
40405129,11:13:25:129,46.48,200
40405129,11:13:25:129,46.48,100
40405129,11:13:25:129,46.48,100
40405129,11:13:25:129,46.48,56
40405129,11:13:25:129,46.48,100
40405129,11:13:25:129,46.48,44
40405132,11:13:25:132,46.47,100
40405132,11:13:25:132,46.47,300
40405132,11:13:25:132,46.47,100
40405132,11:13:25:132,46.47,100
40405132,11:13:25:132,46.47,23
40405637,11:13:25:637,46.46,100
40405637,11:13:25:637,46.46,100
40408240,11:13:28:240,46.46,100
40408240,11:13:28:240,46.46,10
40408240,11:13:28:240,46.46,10
40413095,11:13:33:95,46.46,200
40425322,11:13:45:322,46.45,200
40434142,11:13:54:142,46.46,100
40434142,11:13:54:142,46.46,100
40446349,11:14:6:349,46.46,99
40446349,11:14:6:349,46.46,64
40446349,11:14:6:349,46.46,100
40446349,11:14:6:349,46.46,1
40446349,11:14:6:349,46.46,36
40446349,11:14:6:349,46.46,7
40446349,11:14:6:349,46.46,80
40446349,11:14:6:349,46.46,20
40446349,11:14:6:349,46.46,80
40446349,11:14:6:349,46.46,100
