MsOfDay, Time,Price,Size
34201006,9:30:1:6,48.42,23280
34201812,9:30:1:812,48.42,100
34201812,9:30:1:812,48.42,100
34202072,9:30:2:72,48.42,8
34206967,9:30:6:967,48.41,1
34206967,9:30:6:967,48.41,1
34206992,9:30:6:992,48.43,10
34207348,9:30:7:348,48.375,1
34210174,9:30:10:174,48.43,5
34210184,9:30:10:184,48.43,25
34211417,9:30:11:417,48.3101,117
34211424,9:30:11:424,48.43,13
34215968,9:30:15:968,48.43,4
34216232,9:30:16:232,48.375,2
34216232,9:30:16:232,48.33,98
34217263,9:30:17:263,48.43,100
34217263,9:30:17:263,48.43,50
34217265,9:30:17:265,48.43,50
34217265,9:30:17:265,48.43,100
34217270,9:30:17:270,48.43,22
34224786,9:30:24:786,48.3906,500
34224791,9:30:24:791,48.43,59
34246101,9:30:46:101,48.43,15
34258063,9:30:58:63,48.32,100
34259796,9:30:59:796,48.34,20
34266619,9:31:6:619,48.33,100
34266619,9:31:6:619,48.32,200
34266619,9:31:6:619,48.33,100
34266619,9:31:6:619,48.32,100
34266620,9:31:6:620,48.33,100
34266620,9:31:6:620,48.32,22
34266620,9:31:6:620,48.32,100
34266620,9:31:6:620,48.32,14
34266620,9:31:6:620,48.37,100
34266839,9:31:6:839,48.37,520
34266844,9:31:6:844,48.37,21
34267518,9:31:7:518,48.37,40
34272720,9:31:12:720,48.35,57
34272720,9:31:12:720,48.36,14
34279451,9:31:19:451,48.35,10
34325532,9:32:5:532,48.27,200
34325533,9:32:5:533,48.28,100
34325534,9:32:5:534,48.28,100
34325534,9:32:5:534,48.28,100
34325534,9:32:5:534,48.28,200
34325534,9:32:5:534,48.28,100
34325534,9:32:5:534,48.29,50
34325534,9:32:5:534,48.29,50
34325534,9:32:5:534,48.29,50
34325535,9:32:5:535,48.29,50
34325535,9:32:5:535,48.31,100
34325537,9:32:5:537,48.24,615
34325540,9:32:5:540,48.27,150
34325540,9:32:5:540,48.27,50
34326476,9:32:6:476,48.36,100
34329569,9:32:9:569,48.3699,100
34329587,9:32:9:587,48.36,6
34329776,9:32:9:776,48.36,100
34329780,9:32:9:780,48.36,32
34340142,9:32:20:142,48.34,100
34340144,9:32:20:144,48.34,100
34348239,9:32:28:239,48.34,400
34354780,9:32:34:780,48.3299,100
34374156,9:32:54:156,48.32,100
34374156,9:32:54:156,48.32,150
34374159,9:32:54:159,48.32,50
34374159,9:32:54:159,48.32,100
34374159,9:32:54:159,48.32,100
34374159,9:32:54:159,48.32,100
34374159,9:32:54:159,48.33,100
34374159,9:32:54:159,48.33,100
34374159,9:32:54:159,48.33,200
34374160,9:32:54:160,48.33,100
34374160,9:32:54:160,48.33,100
34374685,9:32:54:685,48.29,20
34377061,9:32:57:61,48.35,80
34377061,9:32:57:61,48.35,20
34384287,9:33:4:287,48.4,100
34385105,9:33:5:105,48.4099,100
34440744,9:34:0:744,48.33,100
34440745,9:34:0:745,48.33,200
34442736,9:34:2:736,48.31,8
34444680,9:34:4:680,48.31,92
34444680,9:34:4:680,48.3,8
34444981,9:34:4:981,48.34,18
34447209,9:34:7:209,48.33,100
34454694,9:34:14:694,48.33,100
34469203,9:34:29:203,48.33,100
34474947,9:34:34:947,48.3,100
34486505,9:34:46:505,48.29,100
34486505,9:34:46:505,48.29,100
34486505,9:34:46:505,48.28,200
34486505,9:34:46:505,48.28,100
34486505,9:34:46:505,48.28,100
34514697,9:35:14:697,48.28,100
34514699,9:35:14:699,48.28,200
34514750,9:35:14:750,48.26,6
34519958,9:35:19:958,48.28,100
34523312,9:35:23:312,48.2899,100
34525810,9:35:25:810,48.29,100
34525810,9:35:25:810,48.29,100
34525810,9:35:25:810,48.29,100
34525810,9:35:25:810,48.29,100
34525810,9:35:25:810,48.29,100
34525810,9:35:25:810,48.29,100
34525811,9:35:25:811,48.29,100
34525811,9:35:25:811,48.29,100
34525812,9:35:25:812,48.29,100
34525812,9:35:25:812,48.29,100
34525813,9:35:25:813,48.29,100
34525928,9:35:25:928,48.29,100
34526101,9:35:26:101,48.29,100
34526382,9:35:26:382,48.29,100
34528196,9:35:28:196,48.29,100
34528196,9:35:28:196,48.29,200
34528387,9:35:28:387,48.28,100
34532601,9:35:32:601,48.29,200
34532601,9:35:32:601,48.29,100
34532601,9:35:32:601,48.29,100
34538954,9:35:38:954,48.3,100
34538954,9:35:38:954,48.3,100
34538954,9:35:38:954,48.3,100
34538954,9:35:38:954,48.3,100
34538954,9:35:38:954,48.3,100
34538954,9:35:38:954,48.3,100
34546340,9:35:46:340,48.3,100
34551286,9:35:51:286,48.3,100
34561370,9:36:1:370,48.28,200
34561370,9:36:1:370,48.27,100
34561371,9:36:1:371,48.28,100
34561377,9:36:1:377,48.28,100
34571857,9:36:11:857,48.26,100
34606357,9:36:46:357,48.28,100
34606357,9:36:46:357,48.28,100
34606357,9:36:46:357,48.28,100
34606357,9:36:46:357,48.28,100
34609106,9:36:49:106,48.29,1
34613453,9:36:53:453,48.3,100
34613456,9:36:53:456,48.31,99
34613456,9:36:53:456,48.31,51
34613456,9:36:53:456,48.31,49
34613458,9:36:53:458,48.3,100
34669375,9:37:49:375,48.31,91
34669375,9:37:49:375,48.31,100
34669375,9:37:49:375,48.31,9
34669375,9:37:49:375,48.31,291
34669375,9:37:49:375,48.31,100
34669375,9:37:49:375,48.31,9
34669375,9:37:49:375,48.31,100
34669375,9:37:49:375,48.31,9
34669375,9:37:49:375,48.31,444
34669375,9:37:49:375,48.31,82
34669375,9:37:49:375,48.31,9
34669377,9:37:49:377,48.3,10
34670778,9:37:50:778,48.32,200
34670778,9:37:50:778,48.32,100
34670778,9:37:50:778,48.31,100
34670778,9:37:50:778,48.32,100
34670778,9:37:50:778,48.32,100
34670778,9:37:50:778,48.31,1
34670784,9:37:50:784,48.32,1
34672546,9:37:52:546,48.32,100
34672546,9:37:52:546,48.32,100
34672546,9:37:52:546,48.32,100
34672546,9:37:52:546,48.32,100
34672547,9:37:52:547,48.32,49
34672548,9:37:52:548,48.325,49
34672553,9:37:52:553,48.32,100
34672565,9:37:52:565,48.31,156
34672565,9:37:52:565,48.31,44
34672567,9:37:52:567,48.31,100
34672567,9:37:52:567,48.31,49
34672567,9:37:52:567,48.32,51
34672567,9:37:52:567,48.32,49
34672572,9:37:52:572,48.32,100
34672590,9:37:52:590,48.32,100
34695416,9:38:15:416,48.31,100
34695416,9:38:15:416,48.31,100
34695416,9:38:15:416,48.31,44
34695417,9:38:15:417,48.31,100
34695419,9:38:15:419,48.32,100
34695420,9:38:15:420,48.31,10
34695824,9:38:15:824,48.31,100
34695824,9:38:15:824,48.31,100
34695824,9:38:15:824,48.31,100
34695824,9:38:15:824,48.31,200
34695857,9:38:15:857,48.31,100
34695857,9:38:15:857,48.31,100
34696250,9:38:16:250,48.31,100
34696546,9:38:16:546,48.31,100
34696547,9:38:16:547,48.31,100
34696550,9:38:16:550,48.32,100
34696551,9:38:16:551,48.32,100
34696566,9:38:16:566,48.32,100
34696566,9:38:16:566,48.32,100
34696567,9:38:16:567,48.32,100
34696572,9:38:16:572,48.32,100
34697084,9:38:17:84,48.31,100
34697084,9:38:17:84,48.31,100
34718633,9:38:38:633,48.33,100
34718633,9:38:38:633,48.33,1
34718634,9:38:38:634,48.34,100
34734811,9:38:54:811,48.31,67
34734811,9:38:54:811,48.31,33
34773437,9:39:33:437,48.305,100
34789205,9:39:49:205,48.29,100
34789205,9:39:49:205,48.29,100
34789299,9:39:49:299,48.28,100
34789299,9:39:49:299,48.28,100
34797729,9:39:57:729,48.26,100
34797730,9:39:57:730,48.26,100
34797734,9:39:57:734,48.25,100
34798683,9:39:58:683,48.24,100
34821567,9:40:21:567,48.21,100
34866853,9:41:6:853,48.2,100
34883918,9:41:23:918,48.2,100
34883918,9:41:23:918,48.2,100
34883918,9:41:23:918,48.2,150
34883957,9:41:23:957,48.19,100
34883957,9:41:23:957,48.19,31
34883957,9:41:23:957,48.19,969
34883957,9:41:23:957,48.19,100
34883957,9:41:23:957,48.19,31
34883957,9:41:23:957,48.19,69
34883981,9:41:23:981,48.18,100
34883984,9:41:23:984,48.2,100
34883984,9:41:23:984,48.2,100
34883985,9:41:23:985,48.2,90
34883988,9:41:23:988,48.2,10
34884007,9:41:24:7,48.21,100
34884010,9:41:24:10,48.2,100
34884022,9:41:24:22,48.21,100
34884025,9:41:24:25,48.21,100
34885335,9:41:25:335,48.2,100
34886788,9:41:26:788,48.2149,100
34911385,9:41:51:385,48.21,100
34911385,9:41:51:385,48.21,100
34911385,9:41:51:385,48.21,100
34921897,9:42:1:897,48.21,100
34921898,9:42:1:898,48.21,1
34921899,9:42:1:899,48.21,100
34921899,9:42:1:899,48.21,100
34921921,9:42:1:921,48.2,100
34921921,9:42:1:921,48.2,100
34924255,9:42:4:255,48.19,200
34924255,9:42:4:255,48.19,1000
34924255,9:42:4:255,48.19,450
34924255,9:42:4:255,48.19,550
34924281,9:42:4:281,48.19,200
34924282,9:42:4:282,48.1899,20738
34924289,9:42:4:289,48.2,100
34924289,9:42:4:289,48.2,100
34924585,9:42:4:585,48.2,100
34924586,9:42:4:586,48.2,100
34924783,9:42:4:783,48.2,200
34926681,9:42:6:681,48.2,100
34926681,9:42:6:681,48.2,100
34927283,9:42:7:283,48.2,100
34927283,9:42:7:283,48.2,100
34928187,9:42:8:187,48.2,200
34931630,9:42:11:630,48.17,300
34936684,9:42:16:684,48.2,100
34936684,9:42:16:684,48.2,100
34936684,9:42:16:684,48.2,100
34936684,9:42:16:684,48.2,200
34936687,9:42:16:687,48.2,100
34936703,9:42:16:703,48.2,100
34936703,9:42:16:703,48.2,100
34936709,9:42:16:709,48.2,100
34936787,9:42:16:787,48.2,100
34936787,9:42:16:787,48.2,100
34936987,9:42:16:987,48.2,100
34937087,9:42:17:87,48.21,52
34940135,9:42:20:135,48.195,2600
34940153,9:42:20:153,48.18,100
34940203,9:42:20:203,48.19,1
34942765,9:42:22:765,48.2,100
34942826,9:42:22:826,48.18,100
34942826,9:42:22:826,48.18,100
34946844,9:42:26:844,48.14,100
34946844,9:42:26:844,48.14,100
34957426,9:42:37:426,48.15,100
34957431,9:42:37:431,48.16,100
34965766,9:42:45:766,48.18,100
34965767,9:42:45:767,48.18,100
34980033,9:43:0:33,48.18,1700
34980088,9:43:0:88,48.175,100
34983025,9:43:3:25,48.175,100
34983999,9:43:3:999,48.18,100
34983999,9:43:3:999,48.18,188
34983999,9:43:3:999,48.18,12
34984004,9:43:4:4,48.19,10
34984004,9:43:4:4,48.19,90
34984004,9:43:4:4,48.19,100
34984034,9:43:4:34,48.195,200
34984115,9:43:4:115,48.2,100
34993027,9:43:13:27,48.21,100
34993028,9:43:13:28,48.21,200
34993028,9:43:13:28,48.21,100
34993028,9:43:13:28,48.21,100
34994036,9:43:14:36,48.22,100
34994036,9:43:14:36,48.22,95
34994036,9:43:14:36,48.22,5
34994036,9:43:14:36,48.22,79
34994036,9:43:14:36,48.22,16
34994036,9:43:14:36,48.22,7
35000658,9:43:20:658,48.21,100
35000658,9:43:20:658,48.2,100
35020156,9:43:40:156,48.185,100
35020160,9:43:40:160,48.18,100
35020230,9:43:40:230,48.16,400
35035525,9:43:55:525,48.19,3
35053541,9:44:13:541,48.16,100
35053542,9:44:13:542,48.16,200
35053547,9:44:13:547,48.15,100
35053547,9:44:13:547,48.15,100
35053548,9:44:13:548,48.16,100
35053553,9:44:13:553,48.16,100
35061993,9:44:21:993,48.16,1
35061993,9:44:21:993,48.16,99
35061993,9:44:21:993,48.16,1
35061993,9:44:21:993,48.16,400
35062029,9:44:22:29,48.155,100
35062053,9:44:22:53,48.16,100
35062054,9:44:22:54,48.16,100
35062054,9:44:22:54,48.16,100
35062054,9:44:22:54,48.165,100
35066871,9:44:26:871,48.15,100
35082018,9:44:42:18,48.16,100
35083959,9:44:43:959,48.15,148
35083961,9:44:43:961,48.16,100
35084790,9:44:44:790,48.16,100
35087798,9:44:47:798,48.16,200
35091441,9:44:51:441,48.17,100
35095002,9:44:55:2,48.16,100
35095035,9:44:55:35,48.165,200
35100501,9:45:0:501,48.165,100
35102784,9:45:2:784,48.16,100
35106281,9:45:6:281,48.16,100
35106281,9:45:6:281,48.16,100
35106281,9:45:6:281,48.16,100
35106283,9:45:6:283,48.16,1
35106290,9:45:6:290,48.16,100
35106310,9:45:6:310,48.16,200
35118565,9:45:18:565,48.17,100
35118565,9:45:18:565,48.17,100
35118565,9:45:18:565,48.17,713
35118566,9:45:18:566,48.17,100
35118566,9:45:18:566,48.17,100
35118566,9:45:18:566,48.17,100
35118566,9:45:18:566,48.17,100
35118566,9:45:18:566,48.17,100
35118566,9:45:18:566,48.17,100
35118566,9:45:18:566,48.17,50
35118566,9:45:18:566,48.17,100
35118573,9:45:18:573,48.175,100
35119506,9:45:19:506,48.16,100
35122329,9:45:22:329,48.16,100
35124507,9:45:24:507,48.15,100
35131031,9:45:31:31,48.16,100
35133289,9:45:33:289,48.17,100
35133479,9:45:33:479,48.15,12
35134287,9:45:34:287,48.17,4
35135072,9:45:35:72,48.16,100
35143419,9:45:43:419,48.16,100
35144418,9:45:44:418,48.16,140
35147506,9:45:47:506,48.17,100
35147507,9:45:47:507,48.16,100
35147510,9:45:47:510,48.17,100
35165044,9:46:5:44,48.17,100
35165044,9:46:5:44,48.17,193
35165044,9:46:5:44,48.17,3
35165044,9:46:5:44,48.17,78
35167508,9:46:7:508,48.16,100
35167508,9:46:7:508,48.16,200
35167508,9:46:7:508,48.16,700
35167542,9:46:7:542,48.16,100
35177764,9:46:17:764,48.165,100
35177764,9:46:17:764,48.165,100
35181099,9:46:21:99,48.1639,200
35183507,9:46:23:507,48.16,100
35183507,9:46:23:507,48.16,100
35183507,9:46:23:507,48.16,100
35183507,9:46:23:507,48.16,100
35183507,9:46:23:507,48.16,100
35183541,9:46:23:541,48.16,200
35187030,9:46:27:30,48.17,200
35187030,9:46:27:30,48.17,100
35187030,9:46:27:30,48.17,80
35187031,9:46:27:31,48.17,100
35187032,9:46:27:32,48.17,200
35187032,9:46:27:32,48.17,100
35187032,9:46:27:32,48.17,100
35187032,9:46:27:32,48.17,100
35187032,9:46:27:32,48.17,100
35187033,9:46:27:33,48.17,100
35187034,9:46:27:34,48.175,100
35187037,9:46:27:37,48.17,100
35187054,9:46:27:54,48.18,47
35187054,9:46:27:54,48.18,53
35187054,9:46:27:54,48.18,47
35187054,9:46:27:54,48.18,53
35187054,9:46:27:54,48.18,14
35195822,9:46:35:822,48.17,100
35195823,9:46:35:823,48.17,67
35195823,9:46:35:823,48.17,201
35195823,9:46:35:823,48.17,18
35195825,9:46:35:825,48.17,200
35195829,9:46:35:829,48.17,300
35195890,9:46:35:890,48.17,200
35195897,9:46:35:897,48.17,100
35199507,9:46:39:507,48.16,100
35201506,9:46:41:506,48.16,100
35201507,9:46:41:507,48.16,100
35201507,9:46:41:507,48.16,100
35201507,9:46:41:507,48.16,100
35202266,9:46:42:266,48.165,200
35207801,9:46:47:801,48.165,200
35215507,9:46:55:507,48.16,100
35219477,9:46:59:477,48.17,151
35219477,9:46:59:477,48.17,100
35219477,9:46:59:477,48.17,100
35219477,9:46:59:477,48.17,100
35219519,9:46:59:519,48.17,55
35219527,9:46:59:527,48.17,100
35220006,9:47:0:6,48.18,100
35220014,9:47:0:14,48.18,100
35220014,9:47:0:14,48.18,100
35220014,9:47:0:14,48.18,100
35220015,9:47:0:15,48.18,200
35220015,9:47:0:15,48.18,8
35220017,9:47:0:17,48.19,100
35220018,9:47:0:18,48.19,100
35220020,9:47:0:20,48.2,100
35220025,9:47:0:25,48.21,100
35237889,9:47:17:889,48.2,100
35238883,9:47:18:883,48.2,4
35264506,9:47:44:506,48.16,100
35266287,9:47:46:287,48.19,100
35266506,9:47:46:506,48.16,100
35266513,9:47:46:513,48.16,100
35266544,9:47:46:544,48.16,100
35266545,9:47:46:545,48.16,1
35266545,9:47:46:545,48.16,41
35266546,9:47:46:546,48.16,252
35266743,9:47:46:743,48.17,100
35282754,9:48:2:754,48.17,100
35283485,9:48:3:485,48.175,100
35283911,9:48:3:911,48.175,100
35284507,9:48:4:507,48.17,100
35284513,9:48:4:513,48.175,100
35284515,9:48:4:515,48.17,100
35285850,9:48:5:850,48.17,7
35286085,9:48:6:85,48.17,100
35286085,9:48:6:85,48.17,100
35287012,9:48:7:12,48.18,200
35287012,9:48:7:12,48.18,200
35287014,9:48:7:14,48.18,100
35287015,9:48:7:15,48.19,100
35287017,9:48:7:17,48.19,100
35287018,9:48:7:18,48.19,100
35287019,9:48:7:19,48.19,100
35287021,9:48:7:21,48.19,100
35287021,9:48:7:21,48.19,100
35287949,9:48:7:949,48.19,100
35293892,9:48:13:892,48.19,100
35306487,9:48:26:487,48.19,100
35306489,9:48:26:489,48.19,44
35306489,9:48:26:489,48.185,100
35306489,9:48:26:489,48.19,156
35306489,9:48:26:489,48.19,92
35306489,9:48:26:489,48.19,8
35306491,9:48:26:491,48.2,100
35312508,9:48:32:508,48.2,100
35318866,9:48:38:866,48.2042,840
35319083,9:48:39:83,48.21,100
35324082,9:48:44:82,48.21,100
35325078,9:48:45:78,48.21,42
35326960,9:48:46:960,48.21,58
35328190,9:48:48:190,48.21,200
35328190,9:48:48:190,48.21,100
35331148,9:48:51:148,48.21,150
35333119,9:48:53:119,48.2,100
35333119,9:48:53:119,48.2,100
35334698,9:48:54:698,48.195,400
35337660,9:48:57:660,48.19,300
35344611,9:49:4:611,48.21,100
35344612,9:49:4:612,48.21,100
35344612,9:49:4:612,48.21,50
35344612,9:49:4:612,48.21,100
35344612,9:49:4:612,48.21,50
35345114,9:49:5:114,48.22,100
35345114,9:49:5:114,48.22,100
35360550,9:49:20:550,48.215,100
35363506,9:49:23:506,48.21,100
35363506,9:49:23:506,48.21,100
35363513,9:49:23:513,48.2,600
35370618,9:49:30:618,48.2,100
35370618,9:49:30:618,48.2,1
35370618,9:49:30:618,48.2,575
35370619,9:49:30:619,48.19,100
35370624,9:49:30:624,48.2,100
35370703,9:49:30:703,48.185,100
35371505,9:49:31:505,48.18,100
35372309,9:49:32:309,48.1727,640
35372841,9:49:32:841,48.175,200
35373179,9:49:33:179,48.175,100
35379767,9:49:39:767,48.175,100
35379846,9:49:39:846,48.175,13
35380284,9:49:40:284,48.17,100
35380284,9:49:40:284,48.17,100
35380284,9:49:40:284,48.17,53
35380284,9:49:40:284,48.17,200
35380287,9:49:40:287,48.175,200
35384553,9:49:44:553,48.16,100
35387752,9:49:47:752,48.16,100
35390389,9:49:50:389,48.17,26
35390389,9:49:50:389,48.17,74
35390389,9:49:50:389,48.17,100
35390389,9:49:50:389,48.17,26
35390390,9:49:50:390,48.17,10
35390390,9:49:50:390,48.17,10
35390390,9:49:50:390,48.17,10
35390390,9:49:50:390,48.17,10
35390390,9:49:50:390,48.17,100
35390390,9:49:50:390,48.17,100
35390390,9:49:50:390,48.17,100
35390390,9:49:50:390,48.17,34
35390390,9:49:50:390,48.17,100
35390390,9:49:50:390,48.17,1
35390390,9:49:50:390,48.17,99
35397401,9:49:57:401,48.18,100
35397401,9:49:57:401,48.18,300
35397401,9:49:57:401,48.18,100
35397401,9:49:57:401,48.18,100
35397401,9:49:57:401,48.18,100
35410232,9:50:10:232,48.2,100
35410232,9:50:10:232,48.2,100
35410234,9:50:10:234,48.21,100
35410904,9:50:10:904,48.22,100
35416820,9:50:16:820,48.235,50
35417010,9:50:17:10,48.24,1
35417010,9:50:17:10,48.24,100
35417043,9:50:17:43,48.25,100
35422523,9:50:22:523,48.27,68
35422876,9:50:22:876,48.27,41
35422876,9:50:22:876,48.27,159
35422930,9:50:22:930,48.27,100
35423655,9:50:23:655,48.275,5
35424507,9:50:24:507,48.275,100
35428506,9:50:28:506,48.27,100
35428507,9:50:28:507,48.27,100
35433533,9:50:33:533,48.25,100
35433533,9:50:33:533,48.25,100
35433533,9:50:33:533,48.25,100
35433533,9:50:33:533,48.25,100
35433533,9:50:33:533,48.25,100
35433533,9:50:33:533,48.25,100
35433557,9:50:33:557,48.24,100
35434087,9:50:34:87,48.24,42
35435791,9:50:35:791,48.23,100
35435797,9:50:35:797,48.23,100
35442016,9:50:42:16,48.24,100
35446508,9:50:46:508,48.23,100
35446508,9:50:46:508,48.23,100
35446508,9:50:46:508,48.23,68
35447758,9:50:47:758,48.22,8
35454205,9:50:54:205,48.22,100
35454235,9:50:54:235,48.22,200
35454245,9:50:54:245,48.22,100
35454246,9:50:54:246,48.22,70
35454246,9:50:54:246,48.22,1
35454257,9:50:54:257,48.21,100
35454312,9:50:54:312,48.2,100
35455507,9:50:55:507,48.19,100
35455625,9:50:55:625,48.2,100
35456017,9:50:56:17,48.2,100
35456448,9:50:56:448,48.21,400
35456449,9:50:56:449,48.21,100
35456449,9:50:56:449,48.21,50
35456449,9:50:56:449,48.22,100
35456449,9:50:56:449,48.22,100
35457871,9:50:57:871,48.21,100
35463257,9:51:3:257,48.2155,270
35464784,9:51:4:784,48.21,100
35474508,9:51:14:508,48.19,100
35475914,9:51:15:914,48.195,10
35479772,9:51:19:772,48.2,100
35486467,9:51:26:467,48.19,27
35486467,9:51:26:467,48.19,100
35486467,9:51:26:467,48.19,77
35486467,9:51:26:467,48.19,150
35486467,9:51:26:467,48.19,100
35486467,9:51:26:467,48.19,113
35486467,9:51:26:467,48.19,10
35486467,9:51:26:467,48.19,23
35486468,9:51:26:468,48.19,123
35486468,9:51:26:468,48.19,123
35486468,9:51:26:468,48.19,100
35486468,9:51:26:468,48.19,10
35486468,9:51:26:468,48.19,100
35486534,9:51:26:534,48.18,100
35488224,9:51:28:224,48.19,100
35488507,9:51:28:507,48.18,100
35491710,9:51:31:710,48.18,100
35491710,9:51:31:710,48.18,50
35491710,9:51:31:710,48.18,100
35491711,9:51:31:711,48.18,100
35491711,9:51:31:711,48.18,10
35491711,9:51:31:711,48.18,100
35491711,9:51:31:711,48.18,127
35491711,9:51:31:711,48.18,70
35491711,9:51:31:711,48.18,68
35491712,9:51:31:712,48.18,235
35491712,9:51:31:712,48.18,100
35491712,9:51:31:712,48.18,245
35491727,9:51:31:727,48.17,100
35492241,9:51:32:241,48.17,200
35492316,9:51:32:316,48.17,100
35492768,9:51:32:768,48.18,100
35492836,9:51:32:836,48.17,100
35493103,9:51:33:103,48.17,200
35493319,9:51:33:319,48.17,100
35497819,9:51:37:819,48.18,100
35498150,9:51:38:150,48.17,100
35499334,9:51:39:334,48.18,42
35499334,9:51:39:334,48.18,58
35505321,9:51:45:321,48.17,100
35505362,9:51:45:362,48.16,200
35505362,9:51:45:362,48.16,100
35505362,9:51:45:362,48.16,100
35505362,9:51:45:362,48.16,100
35505362,9:51:45:362,48.16,200
35505363,9:51:45:363,48.16,100
35505438,9:51:45:438,48.16,100
35505442,9:51:45:442,48.17,100
35505442,9:51:45:442,48.17,100
35505442,9:51:45:442,48.17,300
35505503,9:51:45:503,48.16,100
35505637,9:51:45:637,48.17,100
35505637,9:51:45:637,48.17,200
35505637,9:51:45:637,48.17,100
35505637,9:51:45:637,48.17,100
35505637,9:51:45:637,48.17,100
35505883,9:51:45:883,48.17,100
35505894,9:51:45:894,48.17,100
35505902,9:51:45:902,48.17,100
35505912,9:51:45:912,48.17,100
35513153,9:51:53:153,48.17,100
35513205,9:51:53:205,48.17,100
35513205,9:51:53:205,48.17,100
35513205,9:51:53:205,48.17,100
35513205,9:51:53:205,48.17,100
35513205,9:51:53:205,48.17,60
35514509,9:51:54:509,48.17,100
35516469,9:51:56:469,48.18,100
35516469,9:51:56:469,48.18,100
35524507,9:52:4:507,48.17,100
35524507,9:52:4:507,48.17,100
35524507,9:52:4:507,48.17,100
35524556,9:52:4:556,48.17,200
35529260,9:52:9:260,48.18,150
35529260,9:52:9:260,48.18,100
35529260,9:52:9:260,48.18,100
35529260,9:52:9:260,48.18,100
35529260,9:52:9:260,48.18,100
35529260,9:52:9:260,48.18,100
35529260,9:52:9:260,48.18,100
35529260,9:52:9:260,48.18,100
35529261,9:52:9:261,48.18,600
35529261,9:52:9:261,48.18,100
35529261,9:52:9:261,48.18,100
35529262,9:52:9:262,48.19,100
35529262,9:52:9:262,48.19,50
35529262,9:52:9:262,48.19,100
35529309,9:52:9:309,48.17,100
35529732,9:52:9:732,48.19,1
35542247,9:52:22:247,48.195,100
35547748,9:52:27:748,48.19,200
35547749,9:52:27:749,48.19,100
35547749,9:52:27:749,48.19,100
35547749,9:52:27:749,48.19,66
35547749,9:52:27:749,48.19,34
35547750,9:52:27:750,48.19,100
35552507,9:52:32:507,48.18,100
35567770,9:52:47:770,48.17,100
35568509,9:52:48:509,48.17,100
35568526,9:52:48:526,48.17,200
35572996,9:52:52:996,48.17,1
35572996,9:52:52:996,48.17,200
35572996,9:52:52:996,48.17,200
35573033,9:52:53:33,48.17,100
35573403,9:52:53:403,48.17,200
35573425,9:52:53:425,48.17,300
35580860,9:53:0:860,48.17,200
35581373,9:53:1:373,48.17,100
35584507,9:53:4:507,48.17,100
35584550,9:53:4:550,48.17,200
35584552,9:53:4:552,48.17,100
35584875,9:53:4:875,48.18,52
35588142,9:53:8:142,48.17,100
35588332,9:53:8:332,48.17,300
35591822,9:53:11:822,48.18,7
35591824,9:53:11:824,48.18,41
35591824,9:53:11:824,48.18,100
35591824,9:53:11:824,48.18,3
35591836,9:53:11:836,48.18,97
35593504,9:53:13:504,48.17,100
35593504,9:53:13:504,48.17,10
35593505,9:53:13:505,48.17,100
35593505,9:53:13:505,48.17,100
35593505,9:53:13:505,48.17,100
35593506,9:53:13:506,48.17,53
35593506,9:53:13:506,48.17,47
35593521,9:53:13:521,48.17,100
35594016,9:53:14:16,48.18,100
35594017,9:53:14:17,48.18,100
35594017,9:53:14:17,48.18,100
35594018,9:53:14:18,48.18,100
35594018,9:53:14:18,48.18,100
35594018,9:53:14:18,48.18,100
35594018,9:53:14:18,48.18,300
35594019,9:53:14:19,48.18,152
35594021,9:53:14:21,48.19,100
35594022,9:53:14:22,48.19,100
35594022,9:53:14:22,48.19,100
35594056,9:53:14:56,48.2,100
35594067,9:53:14:67,48.2,100
35594068,9:53:14:68,48.21,100
35594068,9:53:14:68,48.21,100
35594070,9:53:14:70,48.21,100
35594072,9:53:14:72,48.23,1
35594075,9:53:14:75,48.23,99
35597746,9:53:17:746,48.22,50
35597746,9:53:17:746,48.22,50
35597996,9:53:17:996,48.21,100
35618192,9:53:38:192,48.1877,34
35619425,9:53:39:425,48.18,100
35619425,9:53:39:425,48.18,100
35619425,9:53:39:425,48.18,100
35619425,9:53:39:425,48.18,100
35619426,9:53:39:426,48.18,100
35627395,9:53:47:395,48.18,9
35627395,9:53:47:395,48.18,91
35637202,9:53:57:202,48.17,100
35637202,9:53:57:202,48.17,100
35637202,9:53:57:202,48.17,100
35637202,9:53:57:202,48.17,100
35637202,9:53:57:202,48.17,100
35637202,9:53:57:202,48.17,100
35637202,9:53:57:202,48.17,100
35637215,9:53:57:215,48.17,100
35637215,9:53:57:215,48.17,100
35637681,9:53:57:681,48.18,43
35637998,9:53:57:998,48.17,100
35638898,9:53:58:898,48.17,200
35640611,9:54:0:611,48.17,100
35640612,9:54:0:612,48.17,100
35640614,9:54:0:614,48.17,100
35640624,9:54:0:624,48.17,100
35642940,9:54:2:940,48.16,200
35642940,9:54:2:940,48.16,100
35643007,9:54:3:7,48.17,300
35643007,9:54:3:7,48.17,100
35643103,9:54:3:103,48.165,200
35643144,9:54:3:144,48.16,700
35643183,9:54:3:183,48.17,100
35643187,9:54:3:187,48.16,100
35643204,9:54:3:204,48.17,200
35645659,9:54:5:659,48.17,9
35647512,9:54:7:512,48.17,100
35653081,9:54:13:81,48.16,100
35653123,9:54:13:123,48.17,100
35653331,9:54:13:331,48.18,500
35653331,9:54:13:331,48.18,100
35653331,9:54:13:331,48.18,100
35653331,9:54:13:331,48.18,100
35653331,9:54:13:331,48.18,200
35653331,9:54:13:331,48.18,100
35653449,9:54:13:449,48.18,100
35655508,9:54:15:508,48.18,100
35665507,9:54:25:507,48.17,100
35665507,9:54:25:507,48.17,100
35668276,9:54:28:276,48.17,100
35683508,9:54:43:508,48.14,100
35683796,9:54:43:796,48.15,100
35693169,9:54:53:169,48.16,100
35693180,9:54:53:180,48.16,100
35693180,9:54:53:180,48.16,200
35693181,9:54:53:181,48.16,100
35693181,9:54:53:181,48.16,100
35693181,9:54:53:181,48.16,200
35693181,9:54:53:181,48.16,100
35693182,9:54:53:182,48.16,100
35693182,9:54:53:182,48.16,100
35693182,9:54:53:182,48.16,100
35693182,9:54:53:182,48.16,100
35693270,9:54:53:270,48.175,100
35697178,9:54:57:178,48.18,100
35697179,9:54:57:179,48.18,200
35698307,9:54:58:307,48.175,100
35704063,9:55:4:63,48.18,100
35704063,9:55:4:63,48.18,100
35704063,9:55:4:63,48.18,100
35704076,9:55:4:76,48.19,100
35704076,9:55:4:76,48.19,100
35704076,9:55:4:76,48.19,100
35704078,9:55:4:78,48.19,100
35704079,9:55:4:79,48.19,100
35704079,9:55:4:79,48.19,100
35704079,9:55:4:79,48.19,100
35704079,9:55:4:79,48.19,100
35704079,9:55:4:79,48.19,100
35721087,9:55:21:87,48.2,81
35723972,9:55:23:972,48.2,100
35723972,9:55:23:972,48.2,100
35723972,9:55:23:972,48.2,19
35724497,9:55:24:497,48.2,19
35724497,9:55:24:497,48.2,172
35724497,9:55:24:497,48.2,100
35732418,9:55:32:418,48.21,100
35749980,9:55:49:980,48.205,100
35749980,9:55:49:980,48.2,200
35749980,9:55:49:980,48.205,100
35749980,9:55:49:980,48.2,100
35749980,9:55:49:980,48.2,200
35749980,9:55:49:980,48.2,200
35749980,9:55:49:980,48.2,100
35749982,9:55:49:982,48.2,100
35749983,9:55:49:983,48.2,100
35753340,9:55:53:340,48.19,200
35759544,9:55:59:544,48.19,100
35759572,9:55:59:572,48.19,100
35759572,9:55:59:572,48.19,100
35759574,9:55:59:574,48.19,100
35765705,9:56:5:705,48.18,100
35765705,9:56:5:705,48.18,50
35765705,9:56:5:705,48.18,100
35765707,9:56:5:707,48.18,100
35777419,9:56:17:419,48.15,100
35788532,9:56:28:532,48.14,100
35793006,9:56:33:6,48.14,40
35793006,9:56:33:6,48.14,60
35793006,9:56:33:6,48.14,40
35793007,9:56:33:7,48.14,200
35793007,9:56:33:7,48.14,100
35793578,9:56:33:578,48.14,62
35795595,9:56:35:595,48.13,8
35798342,9:56:38:342,48.13,100
35805287,9:56:45:287,48.13,100
35805665,9:56:45:665,48.13,100
35806507,9:56:46:507,48.12,100
35806513,9:56:46:513,48.12,200
35810507,9:56:50:507,48.1,100
35813073,9:56:53:73,48.1,100
35821232,9:57:1:232,48.173,100
35826040,9:57:6:40,48.1,100
35826040,9:57:6:40,48.1,100
35826041,9:57:6:41,48.1,50
35831020,9:57:11:20,48.1,100
35832045,9:57:12:45,48.1,100
35832045,9:57:12:45,48.1,100
35832048,9:57:12:48,48.1,100
35832054,9:57:12:54,48.1,100
35832054,9:57:12:54,48.1,100
35833507,9:57:13:507,48.1,100
35833523,9:57:13:523,48.105,1500
35840601,9:57:20:601,48.1,100
35840607,9:57:20:607,48.1,100
35842507,9:57:22:507,48.1,100
35842507,9:57:22:507,48.1,100
35842508,9:57:22:508,48.1,100
35842509,9:57:22:509,48.1,100
35848048,9:57:28:48,48.1,100
35848049,9:57:28:49,48.1,100
35848052,9:57:28:52,48.1,100
35848870,9:57:28:870,48.105,1000
35856920,9:57:36:920,48.11,100
35856925,9:57:36:925,48.11,100
35856925,9:57:36:925,48.11,100
35856925,9:57:36:925,48.11,441
35856925,9:57:36:925,48.11,100
35856925,9:57:36:925,48.11,100
35856925,9:57:36:925,48.11,199
35856925,9:57:36:925,48.11,100
35856925,9:57:36:925,48.11,100
35856925,9:57:36:925,48.11,100
35856925,9:57:36:925,48.11,78
35859509,9:57:39:509,48.11,100
35859509,9:57:39:509,48.11,100
35859509,9:57:39:509,48.11,50
35859509,9:57:39:509,48.11,350
35859509,9:57:39:509,48.11,100
35859509,9:57:39:509,48.11,150
35859509,9:57:39:509,48.11,200
35859509,9:57:39:509,48.11,100
35859510,9:57:39:510,48.11,37
35859526,9:57:39:526,48.11,100
35859559,9:57:39:559,48.11,263
35859559,9:57:39:559,48.11,137
35860598,9:57:40:598,48.11,100
35860889,9:57:40:889,48.11,100
35860890,9:57:40:890,48.11,336
35860892,9:57:40:892,48.11,100
35861418,9:57:41:418,48.1,100
35863164,9:57:43:164,48.11,100
35863164,9:57:43:164,48.11,100
35863164,9:57:43:164,48.11,100
35863164,9:57:43:164,48.11,100
35863165,9:57:43:165,48.11,100
35864202,9:57:44:202,48.11,100
35864545,9:57:44:545,48.11,100
35865973,9:57:45:973,48.11,400
35865973,9:57:45:973,48.11,100
35865974,9:57:45:974,48.11,100
35865974,9:57:45:974,48.11,100
35866986,9:57:46:986,48.11,100
35867390,9:57:47:390,48.12,100
35867506,9:57:47:506,48.12,300
35867514,9:57:47:514,48.12,100
35869349,9:57:49:349,48.115,1200
35873819,9:57:53:819,48.11,100
35876831,9:57:56:831,48.11,100
35876831,9:57:56:831,48.11,100
35876831,9:57:56:831,48.11,100
35876831,9:57:56:831,48.11,100
35876929,9:57:56:929,48.105,200
35878401,9:57:58:401,48.105,100
35878431,9:57:58:431,48.11,100
35878441,9:57:58:441,48.11,100
35879121,9:57:59:121,48.11,100
35881091,9:58:1:91,48.11,91
35881092,9:58:1:92,48.11,9
35881092,9:58:1:92,48.12,90
35881092,9:58:1:92,48.11,100
35881093,9:58:1:93,48.12,10
35881557,9:58:1:557,48.12,198
35881557,9:58:1:557,48.12,100
35881557,9:58:1:557,48.12,200
35881557,9:58:1:557,48.12,51
35881557,9:58:1:557,48.12,200
35881557,9:58:1:557,48.12,49
35881557,9:58:1:557,48.12,100
35881557,9:58:1:557,48.12,100
35881557,9:58:1:557,48.12,230
35881557,9:58:1:557,48.12,112
35881557,9:58:1:557,48.12,38
35881557,9:58:1:557,48.12,221
35881557,9:58:1:557,48.12,100
35881558,9:58:1:558,48.13,100
35881560,9:58:1:560,48.13,100
35881560,9:58:1:560,48.13,100
35883072,9:58:3:72,48.13,100
35885050,9:58:5:50,48.16,100
35886552,9:58:6:552,48.16,100
35896469,9:58:16:469,48.14,1
35896469,9:58:16:469,48.14,99
35909897,9:58:29:897,48.12,100
35909898,9:58:29:898,48.12,34
35914382,9:58:34:382,48.11,100
35914382,9:58:34:382,48.11,100
35914382,9:58:34:382,48.11,100
35914382,9:58:34:382,48.11,100
35924352,9:58:44:352,48.1,100
35924394,9:58:44:394,48.11,100
35924428,9:58:44:428,48.1,38
35924438,9:58:44:438,48.11,100
35929781,9:58:49:781,48.1,100
35931247,9:58:51:247,48.1,100
35932030,9:58:52:30,48.1,100
35932030,9:58:52:30,48.1,100
35932036,9:58:52:36,48.1,100
35933090,9:58:53:90,48.1,200
35935025,9:58:55:25,48.11,100
35935026,9:58:55:26,48.11,100
35935029,9:58:55:29,48.11,100
35935029,9:58:55:29,48.11,100
35935030,9:58:55:30,48.12,100
35935030,9:58:55:30,48.12,200
35935031,9:58:55:31,48.12,100
35935031,9:58:55:31,48.12,200
35935031,9:58:55:31,48.12,100
35935031,9:58:55:31,48.12,100
35935031,9:58:55:31,48.12,100
35935031,9:58:55:31,48.12,100
35935031,9:58:55:31,48.12,100
35937414,9:58:57:414,48.1233,203
35938671,9:58:58:671,48.12,100
35938671,9:58:58:671,48.12,300
35938671,9:58:58:671,48.12,100
35938671,9:58:58:671,48.12,100
35938671,9:58:58:671,48.12,100
35938671,9:58:58:671,48.12,100
35938671,9:58:58:671,48.12,100
35938671,9:58:58:671,48.12,100
35938671,9:58:58:671,48.12,200
35938672,9:58:58:672,48.12,100
35938673,9:58:58:673,48.12,100
35938673,9:58:58:673,48.12,200
35938673,9:58:58:673,48.12,200
35938673,9:58:58:673,48.12,200
35939128,9:58:59:128,48.12,200
35939128,9:58:59:128,48.12,200
35940475,9:59:0:475,48.1,100
35943974,9:59:3:974,48.12,200
35943975,9:59:3:975,48.12,100
35943975,9:59:3:975,48.12,100
35943976,9:59:3:976,48.12,100
35943976,9:59:3:976,48.12,300
35943977,9:59:3:977,48.12,100
35943982,9:59:3:982,48.12,100
35945402,9:59:5:402,48.13,100
35945547,9:59:5:547,48.13,100
35945631,9:59:5:631,48.13,100
35946103,9:59:6:103,48.13,100
35946475,9:59:6:475,48.14,100
35946977,9:59:6:977,48.14,100
35946977,9:59:6:977,48.14,100
35946978,9:59:6:978,48.14,100
35948486,9:59:8:486,48.135,1000
35959427,9:59:19:427,48.1375,2
35964256,9:59:24:256,48.13,100
35964256,9:59:24:256,48.13,100
35964256,9:59:24:256,48.13,105
35964256,9:59:24:256,48.13,105
35964258,9:59:24:258,48.13,100
35966663,9:59:26:663,48.1343,200
35974668,9:59:34:668,48.13,100
35975542,9:59:35:542,48.13,100
35979543,9:59:39:543,48.12,100
35981223,9:59:41:223,48.1,1
35981227,9:59:41:227,48.12,100
35983353,9:59:43:353,48.115,100
35983355,9:59:43:355,48.1,100
35990494,9:59:50:494,48.13,400
35990496,9:59:50:496,48.13,100
35990497,9:59:50:497,48.13,100
35990500,9:59:50:500,48.13,100
35990501,9:59:50:501,48.13,100
35990501,9:59:50:501,48.13,100
35990501,9:59:50:501,48.13,100
35990501,9:59:50:501,48.13,300
35990714,9:59:50:714,48.13,150
35990813,9:59:50:813,48.13,100
35993041,9:59:53:41,48.13,100
35993041,9:59:53:41,48.13,54
35993041,9:59:53:41,48.13,87
35993041,9:59:53:41,48.13,53
35993041,9:59:53:41,48.13,46
35993041,9:59:53:41,48.13,400
35993041,9:59:53:41,48.13,47
35993041,9:59:53:41,48.13,100
35993042,9:59:53:42,48.13,300
35993056,9:59:53:56,48.13,100
35993341,9:59:53:341,48.13,400
35993342,9:59:53:342,48.13,100
35997035,9:59:57:35,48.135,16
35997352,9:59:57:352,48.135,84
35997352,9:59:57:352,48.14,16
35997779,9:59:57:779,48.135,100
36000515,10:0:0:515,48.14,100
36000516,10:0:0:516,48.14,100
36000516,10:0:0:516,48.14,200
36000516,10:0:0:516,48.14,200
36000516,10:0:0:516,48.14,100
36000536,10:0:0:536,48.15,150
36000536,10:0:0:536,48.15,50
36000536,10:0:0:536,48.15,100
36000537,10:0:0:537,48.16,100
36000537,10:0:0:537,48.17,50
36000537,10:0:0:537,48.16,100
36000537,10:0:0:537,48.16,100
36000545,10:0:0:545,48.16,100
36001002,10:0:1:2,48.17,50
36001127,10:0:1:127,48.17,100
36003268,10:0:3:268,48.13,250
36007154,10:0:7:154,48.16,1
36007155,10:0:7:155,48.16,99
36007155,10:0:7:155,48.16,1
36007155,10:0:7:155,48.16,1
36007155,10:0:7:155,48.16,1
36007706,10:0:7:706,48.1678,29
36007711,10:0:7:711,48.162,1600
36007952,10:0:7:952,48.16,98
36007952,10:0:7:952,48.16,1
36007952,10:0:7:952,48.16,1
36007952,10:0:7:952,48.16,100
36007952,10:0:7:952,48.16,97
36009639,10:0:9:639,48.17,100
36009640,10:0:9:640,48.17,100
36010906,10:0:10:906,48.17,100
36010967,10:0:10:967,48.17,81
36011015,10:0:11:15,48.17,100
36012109,10:0:12:109,48.17,100
36012380,10:0:12:380,48.17,100
36012433,10:0:12:433,48.17,100
36013278,10:0:13:278,48.19,100
36013972,10:0:13:972,48.17,100
36014502,10:0:14:502,48.17,200
36015964,10:0:15:964,48.16,100
36015964,10:0:15:964,48.16,100
36015964,10:0:15:964,48.16,100
36015965,10:0:15:965,48.16,52
36015965,10:0:15:965,48.16,48
36015965,10:0:15:965,48.16,100
36015965,10:0:15:965,48.16,100
36016080,10:0:16:80,48.15,100
36016081,10:0:16:81,48.15,100
36016081,10:0:16:81,48.15,10
36018885,10:0:18:885,48.145,1100
36020073,10:0:20:73,48.1392,53
36020475,10:0:20:475,48.13,100
36020606,10:0:20:606,48.14,3600
36020721,10:0:20:721,48.14,2000
36024190,10:0:24:190,48.12,100
36024191,10:0:24:191,48.12,300
36024191,10:0:24:191,48.12,47
36024191,10:0:24:191,48.12,352
36024191,10:0:24:191,48.12,6
36024191,10:0:24:191,48.12,94
36024421,10:0:24:421,48.13,100
36030550,10:0:30:550,48.15,200
36030550,10:0:30:550,48.14,1
36031852,10:0:31:852,48.15,100
36032244,10:0:32:244,48.15,100
36036408,10:0:36:408,48.155,100
36038348,10:0:38:348,48.16,100
36038348,10:0:38:348,48.16,100
36038349,10:0:38:349,48.16,96
36041505,10:0:41:505,48.155,1000
36044690,10:0:44:690,48.15,200
36044690,10:0:44:690,48.15,100
36044690,10:0:44:690,48.15,100
36044691,10:0:44:691,48.14,100
36044693,10:0:44:693,48.15,100
36044694,10:0:44:694,48.15,100
36045293,10:0:45:293,48.15,51
36046215,10:0:46:215,48.13,100
36046240,10:0:46:240,48.13,100
36063876,10:1:3:876,48.135,10
36065105,10:1:5:105,48.135,83
36065378,10:1:5:378,48.13,17
36065400,10:1:5:400,48.13,100
36065946,10:1:5:946,48.13,10
36065946,10:1:5:946,48.13,52
36065946,10:1:5:946,48.13,100
36065946,10:1:5:946,48.13,38
36065946,10:1:5:946,48.13,83
36065947,10:1:5:947,48.13,62
36065947,10:1:5:947,48.13,100
36065947,10:1:5:947,48.13,100
36069345,10:1:9:345,48.14,100
36069346,10:1:9:346,48.14,100
36069700,10:1:9:700,48.14,300
36069700,10:1:9:700,48.14,100
36069700,10:1:9:700,48.14,100
36069701,10:1:9:701,48.14,100
36072542,10:1:12:542,48.14,100
36072543,10:1:12:543,48.14,100
36083629,10:1:23:629,48.1283,100
36088566,10:1:28:566,48.15,1
36099735,10:1:39:735,48.14,100
36099735,10:1:39:735,48.14,100
36099735,10:1:39:735,48.14,100
36099735,10:1:39:735,48.14,100
36099735,10:1:39:735,48.135,100
36099735,10:1:39:735,48.14,200
36099736,10:1:39:736,48.14,100
36099736,10:1:39:736,48.14,100
36099736,10:1:39:736,48.14,100
36099736,10:1:39:736,48.14,100
36099736,10:1:39:736,48.14,100
36099738,10:1:39:738,48.15,44
36099747,10:1:39:747,48.14,200
36099977,10:1:39:977,48.145,100
36100970,10:1:40:970,48.15,61
36108449,10:1:48:449,48.1341,1
36111270,10:1:51:270,48.13,100
36111270,10:1:51:270,48.13,100
36112086,10:1:52:86,48.13,100
36112087,10:1:52:87,48.13,100
36112087,10:1:52:87,48.13,100
36112087,10:1:52:87,48.13,100
36112087,10:1:52:87,48.13,99
36112087,10:1:52:87,48.13,1
36112088,10:1:52:88,48.13,100
36112088,10:1:52:88,48.13,100
36112089,10:1:52:89,48.13,100
36112089,10:1:52:89,48.13,99
36113448,10:1:53:448,48.135,1
36113452,10:1:53:452,48.13,99
36113456,10:1:53:456,48.13,100
36113457,10:1:53:457,48.13,100
36113457,10:1:53:457,48.13,39
36113457,10:1:53:457,48.13,100
36113458,10:1:53:458,48.13,100
36113459,10:1:53:459,48.13,100
36113476,10:1:53:476,48.13,100
36114674,10:1:54:674,48.14,100
36117285,10:1:57:285,48.14,100
36117285,10:1:57:285,48.14,100
36117286,10:1:57:286,48.14,294
36117286,10:1:57:286,48.14,150
36117286,10:1:57:286,48.14,50
36117286,10:1:57:286,48.14,100
36117286,10:1:57:286,48.14,100
36117286,10:1:57:286,48.14,106
36118161,10:1:58:161,48.15,100
36120162,10:2:0:162,48.15,100
36120162,10:2:0:162,48.15,300
36120162,10:2:0:162,48.15,200
36120588,10:2:0:588,48.15,100
36120588,10:2:0:588,48.15,7
36120589,10:2:0:589,48.15,100
36122913,10:2:2:913,48.1565,228
36123933,10:2:3:933,48.15,100
36124042,10:2:4:42,48.15,5
36124042,10:2:4:42,48.15,3
36124042,10:2:4:42,48.15,92
36124043,10:2:4:43,48.14,200
36124043,10:2:4:43,48.14,100
36124043,10:2:4:43,48.14,8
36124043,10:2:4:43,48.14,100
36124044,10:2:4:44,48.14,100
36124044,10:2:4:44,48.14,100
36124044,10:2:4:44,48.14,100
36124044,10:2:4:44,48.14,100
36126804,10:2:6:804,48.16,3
36126804,10:2:6:804,48.16,100
36126804,10:2:6:804,48.16,97
36126804,10:2:6:804,48.16,100
36133448,10:2:13:448,48.16,1
36133448,10:2:13:448,48.16,99
36135840,10:2:15:840,48.16,100
36135840,10:2:15:840,48.16,100
36135841,10:2:15:841,48.16,200
36136241,10:2:16:241,48.16,100
36136242,10:2:16:242,48.16,100
36137055,10:2:17:55,48.16,100
36137056,10:2:17:56,48.16,1
36137474,10:2:17:474,48.17,100
36138010,10:2:18:10,48.17,100
36139570,10:2:19:570,48.17,200
36140262,10:2:20:262,48.17,100
36140278,10:2:20:278,48.17,100
36140278,10:2:20:278,48.17,100
36140278,10:2:20:278,48.17,100
36140279,10:2:20:279,48.17,1
36140281,10:2:20:281,48.17,10
36140281,10:2:20:281,48.17,10
36140281,10:2:20:281,48.17,300
36140281,10:2:20:281,48.17,100
36140283,10:2:20:283,48.17,100
36140551,10:2:20:551,48.17,100
36141751,10:2:21:751,48.17,100
36142826,10:2:22:826,48.17,100
36142983,10:2:22:983,48.17,100
36143629,10:2:23:629,48.17,100
36144844,10:2:24:844,48.17,100
36145838,10:2:25:838,48.17,100
36147262,10:2:27:262,48.17,100
36148253,10:2:28:253,48.17,100
36148427,10:2:28:427,48.17,100
36148832,10:2:28:832,48.17,56
36151793,10:2:31:793,48.17,100
36151793,10:2:31:793,48.17,100
36151793,10:2:31:793,48.17,200
36151794,10:2:31:794,48.17,100
36151795,10:2:31:795,48.17,100
36151798,10:2:31:798,48.17,100
36153392,10:2:33:392,48.16,200
36153931,10:2:33:931,48.16,100
36155179,10:2:35:179,48.16,200
36156506,10:2:36:506,48.15,500
36156517,10:2:36:517,48.15,3000
36156563,10:2:36:563,48.15,500
36156616,10:2:36:616,48.15,1700
36158647,10:2:38:647,48.15,937
36158697,10:2:38:697,48.15,1500
36174433,10:2:54:433,48.12,100
36174433,10:2:54:433,48.12,100
36174433,10:2:54:433,48.12,200
36174434,10:2:54:434,48.12,200
36174490,10:2:54:490,48.12,200
36174490,10:2:54:490,48.12,111
36174490,10:2:54:490,48.12,100
36174490,10:2:54:490,48.12,100
36174491,10:2:54:491,48.12,10
36174491,10:2:54:491,48.12,100
36174495,10:2:54:495,48.12,100
36176981,10:2:56:981,48.12,100
36179266,10:2:59:266,48.13,100
36179267,10:2:59:267,48.13,100
36179267,10:2:59:267,48.13,200
36179267,10:2:59:267,48.13,100
36179267,10:2:59:267,48.13,10
36179267,10:2:59:267,48.13,100
36179267,10:2:59:267,48.13,90
36179267,10:2:59:267,48.13,100
36179267,10:2:59:267,48.13,100
36179267,10:2:59:267,48.13,50
36179269,10:2:59:269,48.13,50
36182408,10:3:2:408,48.14,100
36182408,10:3:2:408,48.14,100
36183718,10:3:3:718,48.14,100
36183718,10:3:3:718,48.14,10
36183718,10:3:3:718,48.14,100
36183719,10:3:3:719,48.14,290
36183719,10:3:3:719,48.14,100
36183733,10:3:3:733,48.14,10
36183734,10:3:3:734,48.14,90
36183735,10:3:3:735,48.14,10
36183845,10:3:3:845,48.1375,100
36184188,10:3:4:188,48.14,100
36184193,10:3:4:193,48.14,31
36185707,10:3:5:707,48.15,100
36185708,10:3:5:708,48.15,100
36186890,10:3:6:890,48.15,100
36186890,10:3:6:890,48.15,100
36187792,10:3:7:792,48.15,200
36188222,10:3:8:222,48.145,100
36188947,10:3:8:947,48.15,200
36189795,10:3:9:795,48.15,200
36190582,10:3:10:582,48.15,100
36190595,10:3:10:595,48.15,100
36192098,10:3:12:98,48.15,100
36192098,10:3:12:98,48.15,100
36192417,10:3:12:417,48.1473,100
36193238,10:3:13:238,48.15,100
36193551,10:3:13:551,48.15,100
36193929,10:3:13:929,48.15,100
36194873,10:3:14:873,48.145,1000
36195992,10:3:15:992,48.15,100
36196131,10:3:16:131,48.15,100
36196131,10:3:16:131,48.15,163
36196131,10:3:16:131,48.15,200
36196131,10:3:16:131,48.15,100
36196204,10:3:16:204,48.16,100
36197728,10:3:17:728,48.16,200
36197728,10:3:17:728,48.16,100
36197728,10:3:17:728,48.16,100
36197728,10:3:17:728,48.16,100
36198445,10:3:18:445,48.16,46
36198445,10:3:18:445,48.16,54
36198445,10:3:18:445,48.16,200
36198446,10:3:18:446,48.16,500
36200015,10:3:20:15,48.16,100
36200175,10:3:20:175,48.16,100
36200582,10:3:20:582,48.16,100
36201100,10:3:21:100,48.16,100
36201623,10:3:21:623,48.16,100
36202001,10:3:22:1,48.16,100
36202507,10:3:22:507,48.16,100
36203147,10:3:23:147,48.16,100
36205421,10:3:25:421,48.165,963
36205422,10:3:25:422,48.165,737
36205427,10:3:25:427,48.165,1600
36205510,10:3:25:510,48.165,1300
36205762,10:3:25:762,48.16,100
36205763,10:3:25:763,48.16,100
36205763,10:3:25:763,48.16,100
36205765,10:3:25:765,48.16,100
36209513,10:3:29:513,48.13,10
36209513,10:3:29:513,48.13,100
36209513,10:3:29:513,48.13,1
36209513,10:3:29:513,48.13,90
36212196,10:3:32:196,48.12,27
36218766,10:3:38:766,48.13,100
36218766,10:3:38:766,48.13,100
36221615,10:3:41:615,48.13,300
36222799,10:3:42:799,48.13,100
36222799,10:3:42:799,48.14,100
36222845,10:3:42:845,48.13,100
36224562,10:3:44:562,48.13,100
36224562,10:3:44:562,48.13,100
36224562,10:3:44:562,48.13,54
36224562,10:3:44:562,48.13,30
36226938,10:3:46:938,48.13,100
36228419,10:3:48:419,48.13,100
36228419,10:3:48:419,48.13,100
36230934,10:3:50:934,48.13,100
36230935,10:3:50:935,48.13,100
36232313,10:3:52:313,48.13,200
36232313,10:3:52:313,48.13,100
36233357,10:3:53:357,48.12,100
36234349,10:3:54:349,48.13,100
36234349,10:3:54:349,48.13,200
36234378,10:3:54:378,48.13,100
36235503,10:3:55:503,48.13,100
36235503,10:3:55:503,48.13,100
36235504,10:3:55:504,48.13,100
36235916,10:3:55:916,48.13,100
36235916,10:3:55:916,48.13,100
36237132,10:3:57:132,48.13,100
36237133,10:3:57:133,48.13,200
36237133,10:3:57:133,48.13,200
36237453,10:3:57:453,48.14,200
36237454,10:3:57:454,48.14,200
36238595,10:3:58:595,48.14,100
36240035,10:4:0:35,48.135,1000
36240116,10:4:0:116,48.13,10
36240509,10:4:0:509,48.13,100
36240510,10:4:0:510,48.13,100
36240979,10:4:0:979,48.13,100
36240980,10:4:0:980,48.13,200
36240980,10:4:0:980,48.13,300
36240980,10:4:0:980,48.13,10
36240980,10:4:0:980,48.13,100
36240980,10:4:0:980,48.13,10
36240981,10:4:0:981,48.14,80
36240981,10:4:0:981,48.14,20
36240982,10:4:0:982,48.14,200
36240983,10:4:0:983,48.14,80
36242850,10:4:2:850,48.14,100
36242851,10:4:2:851,48.14,100
36242851,10:4:2:851,48.14,100
36242851,10:4:2:851,48.14,100
36242851,10:4:2:851,48.14,100
36242857,10:4:2:857,48.14,500
36243947,10:4:3:947,48.14,200
36243947,10:4:3:947,48.14,200
36243947,10:4:3:947,48.14,100
36243947,10:4:3:947,48.13,1
36243948,10:4:3:948,48.14,100
36244955,10:4:4:955,48.14,100
36244956,10:4:4:956,48.14,200
36244956,10:4:4:956,48.14,100
36244976,10:4:4:976,48.14,450
36244977,10:4:4:977,48.14,550
36244978,10:4:4:978,48.13,40
36244978,10:4:4:978,48.13,260
36244978,10:4:4:978,48.13,100
36244978,10:4:4:978,48.13,100
36245899,10:4:5:899,48.125,100
36245899,10:4:5:899,48.13,200
36245899,10:4:5:899,48.13,100
36245899,10:4:5:899,48.13,100
36245899,10:4:5:899,48.125,100
36245899,10:4:5:899,48.13,100
36245899,10:4:5:899,48.13,100
36245899,10:4:5:899,48.13,100
36245899,10:4:5:899,48.13,100
36247115,10:4:7:115,48.12,50
36247115,10:4:7:115,48.12,50
36247205,10:4:7:205,48.11,106
36247227,10:4:7:227,48.125,1000
36248726,10:4:8:726,48.105,1300
36248738,10:4:8:738,48.105,1200
36248749,10:4:8:749,48.105,1200
36248762,10:4:8:762,48.105,1100
36248778,10:4:8:778,48.105,1000
36249153,10:4:9:153,48.1,1
36249154,10:4:9:154,48.1,199
36249154,10:4:9:154,48.1,100
36249154,10:4:9:154,48.1,100
36249155,10:4:9:155,48.1,1
36249156,10:4:9:156,48.1,100
36252078,10:4:12:78,48.11,100
36252085,10:4:12:85,48.11,100
36254352,10:4:14:352,48.11,200
36254352,10:4:14:352,48.12,100
36254353,10:4:14:353,48.11,1
36258214,10:4:18:214,48.12,200
36258214,10:4:18:214,48.12,100
36258214,10:4:18:214,48.12,99
36258214,10:4:18:214,48.12,100
36258214,10:4:18:214,48.12,100
36258214,10:4:18:214,48.12,1
36258215,10:4:18:215,48.13,100
36259851,10:4:19:851,48.13,100
36259857,10:4:19:857,48.13,100
36261086,10:4:21:86,48.13,200
36261748,10:4:21:748,48.13,200
36263220,10:4:23:220,48.12,100
36263220,10:4:23:220,48.12,100
36263220,10:4:23:220,48.12,100
36263223,10:4:23:223,48.12,100
36264230,10:4:24:230,48.13,300
36264231,10:4:24:231,48.13,200
36264231,10:4:24:231,48.13,10
36264231,10:4:24:231,48.13,10
36264232,10:4:24:232,48.13,80
36265485,10:4:25:485,48.13,100
36265485,10:4:25:485,48.13,100
36265492,10:4:25:492,48.13,800
36266348,10:4:26:348,48.13,100
36266349,10:4:26:349,48.13,200
36266349,10:4:26:349,48.13,100
36266349,10:4:26:349,48.13,200
36267653,10:4:27:653,48.15,100
36267654,10:4:27:654,48.15,100
36267654,10:4:27:654,48.15,100
36267654,10:4:27:654,48.15,200
36267655,10:4:27:655,48.15,100
36267656,10:4:27:656,48.15,100
36267661,10:4:27:661,48.15,100
36267661,10:4:27:661,48.15,100
36267661,10:4:27:661,48.15,40
36267746,10:4:27:746,48.15,100
36267747,10:4:27:747,48.15,100
36267747,10:4:27:747,48.15,500
36267910,10:4:27:910,48.15,100
36268799,10:4:28:799,48.15,100
36268799,10:4:28:799,48.15,200
36268800,10:4:28:800,48.15,200
36268800,10:4:28:800,48.15,200
36268800,10:4:28:800,48.15,200
36268802,10:4:28:802,48.15,100
36270700,10:4:30:700,48.15,200
36270700,10:4:30:700,48.15,100
36270703,10:4:30:703,48.15,2000
36270708,10:4:30:708,48.15,1000
36270818,10:4:30:818,48.15,700
36272210,10:4:32:210,48.13,1000
36272221,10:4:32:221,48.13,900
36272272,10:4:32:272,48.13,800
36272314,10:4:32:314,48.13,600
36272322,10:4:32:322,48.13,800
36272333,10:4:32:333,48.13,100
36272336,10:4:32:336,48.13,100
36272338,10:4:32:338,48.13,500
36272341,10:4:32:341,48.13,200
36272373,10:4:32:373,48.13,700
36272425,10:4:32:425,48.13,600
36274740,10:4:34:740,48.125,600
36276212,10:4:36:212,48.125,500
36276223,10:4:36:223,48.125,500
36277534,10:4:37:534,48.12,100
36277535,10:4:37:535,48.12,200
36279472,10:4:39:472,48.115,500
36279623,10:4:39:623,48.11,100
36279882,10:4:39:882,48.11,300
36282773,10:4:42:773,48.1,58
36282773,10:4:42:773,48.1,42
36290239,10:4:50:239,48.1,100
36290239,10:4:50:239,48.1,101
36290241,10:4:50:241,48.1,99
36290274,10:4:50:274,48.1,10
36290274,10:4:50:274,48.1,10
36290274,10:4:50:274,48.1,100
36290274,10:4:50:274,48.1,10
36290673,10:4:50:673,48.1,100
36292108,10:4:52:108,48.1,100
36292422,10:4:52:422,48.11,1
36296096,10:4:56:96,48.1,100
36296117,10:4:56:117,48.1,100
36297393,10:4:57:393,48.1,100
36297393,10:4:57:393,48.1,99
36297393,10:4:57:393,48.1,1
36297397,10:4:57:397,48.1,99
36298548,10:4:58:548,48.1,100
36299591,10:4:59:591,48.1,100
36300597,10:5:0:597,48.1,100
36300598,10:5:0:598,48.1,100
36302600,10:5:2:600,48.1,100
36304176,10:5:4:176,48.1,19
36309559,10:5:9:559,48.1,100
36309560,10:5:9:560,48.1,100
36309560,10:5:9:560,48.1,104
36309561,10:5:9:561,48.1,58
36309561,10:5:9:561,48.1,100
36309565,10:5:9:565,48.1,100
36309569,10:5:9:569,48.1,100
36309622,10:5:9:622,48.1,100
36310507,10:5:10:507,48.1,100
36310509,10:5:10:509,48.1,800
36314842,10:5:14:842,48.1,100
36319246,10:5:19:246,48.1,100
36320936,10:5:20:936,48.1,100
36320937,10:5:20:937,48.1,100
36322009,10:5:22:9,48.1,1
36323644,10:5:23:644,48.1,100
36323645,10:5:23:645,48.1,100
36338140,10:5:38:140,48.1,100
36338140,10:5:38:140,48.1,100
36338140,10:5:38:140,48.1,147
36338140,10:5:38:140,48.1,100
36338140,10:5:38:140,48.1,200
36338141,10:5:38:141,48.1,100
36338141,10:5:38:141,48.1,200
36338153,10:5:38:153,48.1,100
36338154,10:5:38:154,48.1,100
36339970,10:5:39:970,48.1,100
36340103,10:5:40:103,48.1,100
36340103,10:5:40:103,48.1,100
36340103,10:5:40:103,48.1,100
36340104,10:5:40:104,48.1,100
36340104,10:5:40:104,48.1,10
36340104,10:5:40:104,48.1,100
36341570,10:5:41:570,48.1,100
36341571,10:5:41:571,48.1,100
36342542,10:5:42:542,48.11,100
36342542,10:5:42:542,48.1,10
36342542,10:5:42:542,48.1,10
36343349,10:5:43:349,48.1,100
36343608,10:5:43:608,48.1,100
36343608,10:5:43:608,48.1,100
36343609,10:5:43:609,48.1,100
36343611,10:5:43:611,48.1,17
36344707,10:5:44:707,48.1,100
36347026,10:5:47:26,48.1,100
36350035,10:5:50:35,48.1,100
36350036,10:5:50:36,48.1,100
36350036,10:5:50:36,48.1,100
36350548,10:5:50:548,48.105,500
36350651,10:5:50:651,48.1,200
36350752,10:5:50:752,48.1,10
36353256,10:5:53:256,48.1,100
36353398,10:5:53:398,48.1,10
36354301,10:5:54:301,48.105,100
36356082,10:5:56:82,48.1003,100
36356996,10:5:56:996,48.1,100
36356996,10:5:56:996,48.105,100
36356996,10:5:56:996,48.1,100
36356996,10:5:56:996,48.105,100
36358440,10:5:58:440,48.105,100
36363460,10:6:3:460,48.105,100
36365437,10:6:5:437,48.1,100
36365437,10:6:5:437,48.105,100
36365437,10:6:5:437,48.1,100
36365437,10:6:5:437,48.105,100
36365437,10:6:5:437,48.105,100
36365437,10:6:5:437,48.1,37
36365437,10:6:5:437,48.105,100
36365437,10:6:5:437,48.105,100
36365437,10:6:5:437,48.105,100
36365437,10:6:5:437,48.105,100
36365438,10:6:5:438,48.1,37
36365442,10:6:5:442,48.105,200
36365453,10:6:5:453,48.105,900
36365473,10:6:5:473,48.105,100
36365700,10:6:5:700,48.1,10
36366391,10:6:6:391,48.105,100
36368505,10:6:8:505,48.105,100
36368553,10:6:8:553,48.1,50
36368553,10:6:8:553,48.105,100
36368554,10:6:8:554,48.105,100
36368557,10:6:8:557,48.1,50
36368557,10:6:8:557,48.1,50
36368557,10:6:8:557,48.105,100
36368557,10:6:8:557,48.1,50
36368558,10:6:8:558,48.1,100
36368559,10:6:8:559,48.105,100
36368559,10:6:8:559,48.105,100
36368559,10:6:8:559,48.1,100
36368559,10:6:8:559,48.105,100
36368561,10:6:8:561,48.105,150
36368580,10:6:8:580,48.105,194
36368607,10:6:8:607,48.105,100
36369382,10:6:9:382,48.1,100
36369382,10:6:9:382,48.105,100
36369382,10:6:9:382,48.105,100
36369382,10:6:9:382,48.105,100
36371059,10:6:11:59,48.105,100
36372581,10:6:12:581,48.1,100
36372581,10:6:12:581,48.105,100
36372582,10:6:12:582,48.1,10
36373460,10:6:13:460,48.105,100
36376719,10:6:16:719,48.1,100
36376719,10:6:16:719,48.105,100
36376719,10:6:16:719,48.105,100
36376748,10:6:16:748,48.105,100
36376763,10:6:16:763,48.105,100
36377629,10:6:17:629,48.105,100
36379907,10:6:19:907,48.1,10
36379926,10:6:19:926,48.11,357
36379926,10:6:19:926,48.11,200
36379926,10:6:19:926,48.11,100
36379926,10:6:19:926,48.11,100
36379926,10:6:19:926,48.11,200
36379926,10:6:19:926,48.11,100
36379927,10:6:19:927,48.11,56
36379927,10:6:19:927,48.11,44
36379927,10:6:19:927,48.11,56
36379928,10:6:19:928,48.11,300
36379928,10:6:19:928,48.11,343
36379928,10:6:19:928,48.11,100
36379928,10:6:19:928,48.11,100
36379928,10:6:19:928,48.11,44
36379928,10:6:19:928,48.11,3
36379928,10:6:19:928,48.11,100
36379928,10:6:19:928,48.11,1
36379928,10:6:19:928,48.11,200
36379928,10:6:19:928,48.11,90
36379928,10:6:19:928,48.11,10
36379930,10:6:19:930,48.115,300
36379930,10:6:19:930,48.115,100
36379930,10:6:19:930,48.11,200
36379930,10:6:19:930,48.115,200
36379930,10:6:19:930,48.115,300
36379930,10:6:19:930,48.11,100
36379930,10:6:19:930,48.115,100
36379931,10:6:19:931,48.115,100
36379931,10:6:19:931,48.115,200
36379931,10:6:19:931,48.115,48
36379931,10:6:19:931,48.115,36
36379932,10:6:19:932,48.11,100
36379932,10:6:19:932,48.12,10
36379932,10:6:19:932,48.12,10
36379933,10:6:19:933,48.12,100
36379933,10:6:19:933,48.12,100
36379933,10:6:19:933,48.12,100
36379933,10:6:19:933,48.12,100
36379933,10:6:19:933,48.12,300
36379935,10:6:19:935,48.12,187
36379935,10:6:19:935,48.13,100
36379940,10:6:19:940,48.13,100
36379940,10:6:19:940,48.13,100
36379940,10:6:19:940,48.13,100
36379940,10:6:19:940,48.13,100
36379940,10:6:19:940,48.13,100
36379941,10:6:19:941,48.135,100
36379941,10:6:19:941,48.14,100
36379941,10:6:19:941,48.14,100
36379942,10:6:19:942,48.14,100
36379942,10:6:19:942,48.14,100
36379943,10:6:19:943,48.14,100
36379946,10:6:19:946,48.14,100
36379946,10:6:19:946,48.14,100
36379946,10:6:19:946,48.14,100
36379947,10:6:19:947,48.14,100
36379947,10:6:19:947,48.14,100
36379947,10:6:19:947,48.14,100
36379947,10:6:19:947,48.14,100
36379948,10:6:19:948,48.14,100
36379948,10:6:19:948,48.14,100
36379948,10:6:19:948,48.15,100
36379948,10:6:19:948,48.15,100
36379950,10:6:19:950,48.15,600
36379952,10:6:19:952,48.15,100
36379953,10:6:19:953,48.15,100
36379953,10:6:19:953,48.15,100
36379954,10:6:19:954,48.15,100
36379954,10:6:19:954,48.15,100
36379954,10:6:19:954,48.15,100
36379954,10:6:19:954,48.15,100
36379954,10:6:19:954,48.145,100
36379954,10:6:19:954,48.15,100
36379955,10:6:19:955,48.15,40
36379955,10:6:19:955,48.15,40
36379955,10:6:19:955,48.15,40
36379955,10:6:19:955,48.15,100
36379955,10:6:19:955,48.15,40
36379955,10:6:19:955,48.16,100
36379955,10:6:19:955,48.16,100
36379955,10:6:19:955,48.15,20
36379955,10:6:19:955,48.16,100
36379955,10:6:19:955,48.15,58
36379955,10:6:19:955,48.15,100
36379955,10:6:19:955,48.15,100
36379955,10:6:19:955,48.15,26
36379956,10:6:19:956,48.15,100
36379956,10:6:19:956,48.155,100
36379956,10:6:19:956,48.15,200
36379956,10:6:19:956,48.155,100
36379956,10:6:19:956,48.15,74
36379956,10:6:19:956,48.15,100
36379957,10:6:19:957,48.15,800
36379958,10:6:19:958,48.15,100
36379958,10:6:19:958,48.15,100
36379958,10:6:19:958,48.15,100
36379960,10:6:19:960,48.15,100
36379962,10:6:19:962,48.15,100
36379963,10:6:19:963,48.16,100
36379963,10:6:19:963,48.16,100
36379963,10:6:19:963,48.16,100
36379963,10:6:19:963,48.16,200
36379963,10:6:19:963,48.16,100
36379963,10:6:19:963,48.16,100
36379963,10:6:19:963,48.155,100
36379963,10:6:19:963,48.16,200
36379964,10:6:19:964,48.155,100
36379965,10:6:19:965,48.16,100
36379965,10:6:19:965,48.17,35
36379965,10:6:19:965,48.17,100
36379965,10:6:19:965,48.17,100
36379967,10:6:19:967,48.17,200
36379969,10:6:19:969,48.17,100
36379969,10:6:19:969,48.17,100
36379969,10:6:19:969,48.17,1100
36379975,10:6:19:975,48.18,100
36379976,10:6:19:976,48.175,100
36379976,10:6:19:976,48.18,100
36379976,10:6:19:976,48.175,100
36379976,10:6:19:976,48.18,500
36379978,10:6:19:978,48.18,558
36379985,10:6:19:985,48.18,60
36380005,10:6:20:5,48.19,200
36380012,10:6:20:12,48.19,100
36380012,10:6:20:12,48.19,100
36380023,10:6:20:23,48.19,100
36380024,10:6:20:24,48.19,100
36380025,10:6:20:25,48.19,100
36380034,10:6:20:34,48.19,100
36380044,10:6:20:44,48.12,200
36380057,10:6:20:57,48.19,100
36380183,10:6:20:183,48.19,100
36380183,10:6:20:183,48.19,40
36380183,10:6:20:183,48.19,40
36380199,10:6:20:199,48.19,100
36380209,10:6:20:209,48.19,10
36380209,10:6:20:209,48.19,10
36380209,10:6:20:209,48.19,100
36380209,10:6:20:209,48.19,10
36380209,10:6:20:209,48.19,70
36380210,10:6:20:210,48.19,30
36380210,10:6:20:210,48.19,70
36382005,10:6:22:5,48.18,20
36382005,10:6:22:5,48.18,80
36382005,10:6:22:5,48.18,40
36382005,10:6:22:5,48.18,160
36382419,10:6:22:419,48.17,100
36382419,10:6:22:419,48.17,584
36382419,10:6:22:419,48.17,100
36382420,10:6:22:420,48.16,10
36382420,10:6:22:420,48.16,100
36382420,10:6:22:420,48.16,100
36382420,10:6:22:420,48.16,100
36382420,10:6:22:420,48.16,100
36382480,10:6:22:480,48.15,77
36382491,10:6:22:491,48.14,423
36382492,10:6:22:492,48.14,300
36382772,10:6:22:772,48.13,100
36386436,10:6:26:436,48.12,1
36386436,10:6:26:436,48.12,99
36386438,10:6:26:438,48.11,10
36386444,10:6:26:444,48.11,90
36387412,10:6:27:412,48.1,73
36388660,10:6:28:660,48.105,100
36396449,10:6:36:449,48.11,100
36396449,10:6:36:449,48.11,100
36396449,10:6:36:449,48.11,100
36396450,10:6:36:450,48.11,100
36399336,10:6:39:336,48.11,200
36399455,10:6:39:455,48.105,100
36401203,10:6:41:203,48.1,100
36401203,10:6:41:203,48.1,100
36401203,10:6:41:203,48.1,100
36401203,10:6:41:203,48.1,100
36401203,10:6:41:203,48.1,100
36401203,10:6:41:203,48.1,200
36401203,10:6:41:203,48.1,200
36401203,10:6:41:203,48.1,100
36401203,10:6:41:203,48.1,150
36401205,10:6:41:205,48.1,100
36401243,10:6:41:243,48.1,100
36401243,10:6:41:243,48.1,100
36401243,10:6:41:243,48.1,10
36409155,10:6:49:155,48.1,100
36409155,10:6:49:155,48.1,100
36409155,10:6:49:155,48.1,200
36409156,10:6:49:156,48.1,100
36409156,10:6:49:156,48.1,200
36409156,10:6:49:156,48.1,100
36409156,10:6:49:156,48.1,200
36409156,10:6:49:156,48.1,200
36409156,10:6:49:156,48.1,200
36409156,10:6:49:156,48.1,200
36409156,10:6:49:156,48.1,200
36410281,10:6:50:281,48.1,100
36411878,10:6:51:878,48.1,18
36412806,10:6:52:806,48.105,100
36412969,10:6:52:969,48.1,100
36416311,10:6:56:311,48.1,100
36418032,10:6:58:32,48.1,100
36420280,10:7:0:280,48.1,100
36420649,10:7:0:649,48.11,100
36420881,10:7:0:881,48.11,100
36420882,10:7:0:882,48.11,100
36420882,10:7:0:882,48.11,48
36420882,10:7:0:882,48.11,100
36420882,10:7:0:882,48.11,47
36420882,10:7:0:882,48.11,52
36420882,10:7:0:882,48.11,200
36420882,10:7:0:882,48.11,100
36420882,10:7:0:882,48.11,3
36420882,10:7:0:882,48.11,153
36420882,10:7:0:882,48.11,100
36420882,10:7:0:882,48.11,100
36420884,10:7:0:884,48.12,100
36420884,10:7:0:884,48.12,100
36420884,10:7:0:884,48.12,200
36450127,10:7:30:127,48.13,100
36450127,10:7:30:127,48.13,98
36450127,10:7:30:127,48.13,396
36450128,10:7:30:128,48.13,204
36450128,10:7:30:128,48.13,2
36450128,10:7:30:128,48.13,200
36450464,10:7:30:464,48.14,35
36450464,10:7:30:464,48.14,65
36450483,10:7:30:483,48.13,100
36451114,10:7:31:114,48.135,100
36451114,10:7:31:114,48.13,10
36451115,10:7:31:115,48.13,90
36451115,10:7:31:115,48.13,99
36451115,10:7:31:115,48.13,200
36451115,10:7:31:115,48.13,1
36472005,10:7:52:5,48.125,100
36484360,10:8:4:360,48.12,100
36484361,10:8:4:361,48.12,100
36484361,10:8:4:361,48.12,200
36484361,10:8:4:361,48.12,200
36484361,10:8:4:361,48.12,100
36484361,10:8:4:361,48.12,10
36484361,10:8:4:361,48.12,10
36484361,10:8:4:361,48.11,112
36484361,10:8:4:361,48.11,53
36484361,10:8:4:361,48.11,100
36484362,10:8:4:362,48.11,88
36484362,10:8:4:362,48.11,112
36484362,10:8:4:362,48.11,88
36484362,10:8:4:362,48.11,47
36484362,10:8:4:362,48.11,150
36484362,10:8:4:362,48.11,3
36484363,10:8:4:363,48.11,48
36484365,10:8:4:365,48.11,100
36484365,10:8:4:365,48.11,49
36486134,10:8:6:134,48.11,100
36486134,10:8:6:134,48.11,151
36486134,10:8:6:134,48.11,51
36486134,10:8:6:134,48.11,100
36486135,10:8:6:135,48.11,149
36486135,10:8:6:135,48.11,100
36486136,10:8:6:136,48.11,100
36486136,10:8:6:136,48.11,1000
36486634,10:8:6:634,48.11,42
36486645,10:8:6:645,48.11,100
36488192,10:8:8:192,48.1199,1
36489106,10:8:9:106,48.11,100
36489106,10:8:9:106,48.11,10
36489106,10:8:9:106,48.11,90
36489106,10:8:9:106,48.11,52
36489106,10:8:9:106,48.11,148
36489106,10:8:9:106,48.11,52
36489106,10:8:9:106,48.11,200
36489106,10:8:9:106,48.11,100
36489106,10:8:9:106,48.11,200
36490907,10:8:10:907,48.115,1
36490907,10:8:10:907,48.12,13
36495805,10:8:15:805,48.12,57
36495805,10:8:15:805,48.12,143
36495805,10:8:15:805,48.12,100
36495805,10:8:15:805,48.12,200
36495805,10:8:15:805,48.12,1
36495805,10:8:15:805,48.12,100
36495805,10:8:15:805,48.12,99
36495805,10:8:15:805,48.12,1
36495806,10:8:15:806,48.12,87
36495806,10:8:15:806,48.12,400
36495806,10:8:15:806,48.12,100
36496846,10:8:16:846,48.12,100
36519175,10:8:39:175,48.12,100
36519175,10:8:39:175,48.12,100
36523620,10:8:43:620,48.105,100
36523623,10:8:43:623,48.11,100
36525983,10:8:45:983,48.1,100
36525983,10:8:45:983,48.1,100
36525983,10:8:45:983,48.1,200
36525984,10:8:45:984,48.1,200
36526065,10:8:46:65,48.08,100
36526065,10:8:46:65,48.08,100
36526101,10:8:46:101,48.08,1
36528380,10:8:48:380,48.07,200
36528529,10:8:48:529,48.075,200
36528565,10:8:48:565,48.07,100
36528839,10:8:48:839,48.07,200
36550610,10:9:10:610,48.07,100
36550610,10:9:10:610,48.07,100
36550618,10:9:10:618,48.07,200
36550649,10:9:10:649,48.075,100
36550652,10:9:10:652,48.0702,100
36550681,10:9:10:681,48.07,99
36550963,10:9:10:963,48.07,100
36551009,10:9:11:9,48.07,100
36551135,10:9:11:135,48.07,100
36551148,10:9:11:148,48.07,100
36551315,10:9:11:315,48.07,100
36551339,10:9:11:339,48.075,10
36551512,10:9:11:512,48.07,100
36551514,10:9:11:514,48.07,100
36551514,10:9:11:514,48.07,100
36551514,10:9:11:514,48.07,100
36551515,10:9:11:515,48.07,100
36551518,10:9:11:518,48.07,100
36551519,10:9:11:519,48.07,100
36551521,10:9:11:521,48.07,100
36551634,10:9:11:634,48.06,99
36551689,10:9:11:689,48.06,11
36551727,10:9:11:727,48.06,100
36552009,10:9:12:9,48.06,100
36552034,10:9:12:34,48.06,100
36552034,10:9:12:34,48.06,51
36552034,10:9:12:34,48.06,48
36552035,10:9:12:35,48.06,61
36552041,10:9:12:41,48.05,100
36552041,10:9:12:41,48.05,100
36552090,10:9:12:90,48.05,100
36552090,10:9:12:90,48.05,100
36552090,10:9:12:90,48.04,100
36552090,10:9:12:90,48.04,100
36552090,10:9:12:90,48.04,100
36552090,10:9:12:90,48.04,100
36552090,10:9:12:90,48.04,400
36552091,10:9:12:91,48.04,100
36552091,10:9:12:91,48.04,100
36552092,10:9:12:92,48.03,100
36552092,10:9:12:92,48.03,100
36552092,10:9:12:92,48.03,600
36552092,10:9:12:92,48.03,100
36552092,10:9:12:92,48.03,200
36552092,10:9:12:92,48.03,200
36552094,10:9:12:94,48.02,100
36552094,10:9:12:94,48.02,75
36552094,10:9:12:94,48.02,100
36552094,10:9:12:94,48.02,100
36552094,10:9:12:94,48.02,300
36552095,10:9:12:95,48.02,238
36552095,10:9:12:95,48.02,100
36552095,10:9:12:95,48.02,25
36552095,10:9:12:95,48.02,100
36552096,10:9:12:96,48.02,100
36552096,10:9:12:96,48.02,100
36552096,10:9:12:96,48.02,100
36552096,10:9:12:96,48.02,100
36552096,10:9:12:96,48.02,75
36552096,10:9:12:96,48.02,30
36552096,10:9:12:96,48.02,70
36552096,10:9:12:96,48.02,100
36552100,10:9:12:100,48.04,100
36552127,10:9:12:127,48.04,2400
36552133,10:9:12:133,48.04,100
36552243,10:9:12:243,48.05,99
36552333,10:9:12:333,48.05,40
36552618,10:9:12:618,48.05,59
36552620,10:9:12:620,48.05,100
36552971,10:9:12:971,48.05,33
36553014,10:9:13:14,48.05,200
36554667,10:9:14:667,48.0599,15
36555676,10:9:15:676,48.05,100
36555676,10:9:15:676,48.055,100
36555676,10:9:15:676,48.05,30
36555676,10:9:15:676,48.05,100
36555676,10:9:15:676,48.05,130
36555677,10:9:15:677,48.05,200
36555775,10:9:15:775,48.05,100
36555929,10:9:15:929,48.05,100
36556725,10:9:16:725,48.06,200
36556726,10:9:16:726,48.06,100
36557021,10:9:17:21,48.06,1
36557516,10:9:17:516,48.05,100
36557889,10:9:17:889,48.05,70
36563860,10:9:23:860,48.05,100
36571508,10:9:31:508,48.04,100
36582271,10:9:42:271,48.05,100
36582271,10:9:42:271,48.05,100
36582271,10:9:42:271,48.05,100
36582271,10:9:42:271,48.05,200
36582271,10:9:42:271,48.05,100
36582271,10:9:42:271,48.05,100
36582271,10:9:42:271,48.05,200
36582271,10:9:42:271,48.05,100
36582271,10:9:42:271,48.05,30
36582271,10:9:42:271,48.05,100
36582272,10:9:42:272,48.05,169
36582272,10:9:42:272,48.05,100
36582272,10:9:42:272,48.05,31
36582272,10:9:42:272,48.05,100
36582272,10:9:42:272,48.05,200
36582275,10:9:42:275,48.05,100
36584999,10:9:44:999,48.05,100
36584999,10:9:44:999,48.05,100
36597455,10:9:57:455,48.05,100
36598324,10:9:58:324,48.05,200
36598324,10:9:58:324,48.05,50
36601268,10:10:1:268,48.05,100
36605507,10:10:5:507,48.04,100
36605507,10:10:5:507,48.04,10
36605508,10:10:5:508,48.04,10
36605508,10:10:5:508,48.04,10
36605508,10:10:5:508,48.04,10
36605508,10:10:5:508,48.04,10
36605527,10:10:5:527,48.045,100
36609777,10:10:9:777,48.04,100
36609777,10:10:9:777,48.04,100
36609777,10:10:9:777,48.045,53
36609777,10:10:9:777,48.04,100
36609777,10:10:9:777,48.04,100
36609777,10:10:9:777,48.04,147
36609777,10:10:9:777,48.04,53
36609777,10:10:9:777,48.04,70
36609777,10:10:9:777,48.04,10
36609779,10:10:9:779,48.03,158
36609779,10:10:9:779,48.03,100
36609779,10:10:9:779,48.03,200
36609779,10:10:9:779,48.03,10
36609780,10:10:9:780,48.03,42
36610261,10:10:10:261,48.035,100
36610267,10:10:10:267,48.03,100
36615189,10:10:15:189,48.0338,61
36623161,10:10:23:161,48.04,100
36623161,10:10:23:161,48.04,200
36623161,10:10:23:161,48.04,100
36623161,10:10:23:161,48.04,100
36623161,10:10:23:161,48.04,100
36623161,10:10:23:161,48.04,200
36623161,10:10:23:161,48.04,2
36623242,10:10:23:242,48.05,100
36623296,10:10:23:296,48.04,100
36623445,10:10:23:445,48.05,100
36623446,10:10:23:446,48.05,100
36623448,10:10:23:448,48.05,50
36623510,10:10:23:510,48.05,100
36623559,10:10:23:559,48.0475,100
36625020,10:10:25:20,48.04,61
36626236,10:10:26:236,48.0499,1
36633555,10:10:33:555,48.05,200
36633556,10:10:33:556,48.04,39
36634367,10:10:34:367,48.05,100
36634368,10:10:34:368,48.05,100
36634368,10:10:34:368,48.05,100
36634368,10:10:34:368,48.05,100
36634368,10:10:34:368,48.05,50
36634368,10:10:34:368,48.05,49
36634368,10:10:34:368,48.05,51
36634368,10:10:34:368,48.05,1
36635700,10:10:35:700,48.0536,100
36638746,10:10:38:746,48.055,100
36638920,10:10:38:920,48.055,100
36643461,10:10:43:461,48.055,200
36648615,10:10:48:615,48.055,200
36649542,10:10:49:542,48.05,22
36649576,10:10:49:576,48.05,29
36649577,10:10:49:577,48.05,100
36649577,10:10:49:577,48.05,200
36649577,10:10:49:577,48.05,71
36649577,10:10:49:577,48.05,21
36649577,10:10:49:577,48.05,100
36649577,10:10:49:577,48.05,78
36649577,10:10:49:577,48.05,10
36649577,10:10:49:577,48.05,10
36649578,10:10:49:578,48.055,100
36649581,10:10:49:581,48.055,150
36653464,10:10:53:464,48.045,200
36655734,10:10:55:734,48.045,100
36655892,10:10:55:892,48.045,100
36655893,10:10:55:893,48.0475,100
36663857,10:11:3:857,48.045,50
36665856,10:11:5:856,48.05,22
36665856,10:11:5:856,48.05,78
36665877,10:11:5:877,48.05,100
36669424,10:11:9:424,48.05,100
36669424,10:11:9:424,48.05,100
36669424,10:11:9:424,48.05,100
36669424,10:11:9:424,48.05,100
36669424,10:11:9:424,48.05,100
36669424,10:11:9:424,48.05,200
36677666,10:11:17:666,48.05,100
36677666,10:11:17:666,48.05,28
36677666,10:11:17:666,48.05,100
36677666,10:11:17:666,48.05,100
36677666,10:11:17:666,48.05,100
36677666,10:11:17:666,48.05,72
36677666,10:11:17:666,48.05,100
36677677,10:11:17:677,48.05,100
36679575,10:11:19:575,48.05,100
36679575,10:11:19:575,48.05,100
36679575,10:11:19:575,48.05,100
36680540,10:11:20:540,48.05,17
36680541,10:11:20:541,48.05,100
36688507,10:11:28:507,48.05,100
36704071,10:11:44:71,48.052,1
36705507,10:11:45:507,48.05,100
36705507,10:11:45:507,48.055,100
36708139,10:11:48:139,48.06,100
36708139,10:11:48:139,48.06,100
36708148,10:11:48:148,48.06,700
36708148,10:11:48:148,48.06,100
36708148,10:11:48:148,48.06,100
36708148,10:11:48:148,48.06,1
36708148,10:11:48:148,48.06,200
36708148,10:11:48:148,48.06,100
36708148,10:11:48:148,48.06,58
36708148,10:11:48:148,48.06,6
36708148,10:11:48:148,48.06,42
36708151,10:11:48:151,48.07,100
36708151,10:11:48:151,48.07,100
36708151,10:11:48:151,48.07,100
36708151,10:11:48:151,48.07,100
36708152,10:11:48:152,48.07,71
36708152,10:11:48:152,48.07,26
36708158,10:11:48:158,48.07,3
36714656,10:11:54:656,48.07,97
36714658,10:11:54:658,48.075,100
36714795,10:11:54:795,48.07,100
36714796,10:11:54:796,48.075,100
36715286,10:11:55:286,48.07,100
36715287,10:11:55:287,48.075,100
36715299,10:11:55:299,48.07,100
36715300,10:11:55:300,48.075,100
36718001,10:11:58:1,48.075,400
36718824,10:11:58:824,48.07,100
36718825,10:11:58:825,48.075,100
36719737,10:11:59:737,48.075,100
36722507,10:12:2:507,48.07,100
36722508,10:12:2:508,48.075,100
36725865,10:12:5:865,48.075,70
36725923,10:12:5:923,48.07,100
36725949,10:12:5:949,48.08,100
36725949,10:12:5:949,48.08,100
36725950,10:12:5:950,48.08,301
36725950,10:12:5:950,48.08,157
36725950,10:12:5:950,48.08,100
36738867,10:12:18:867,48.07,5
36738867,10:12:18:867,48.07,102
36738867,10:12:18:867,48.07,93
36740508,10:12:20:508,48.07,100
36740508,10:12:20:508,48.07,100
36740508,10:12:20:508,48.07,100
36740508,10:12:20:508,48.07,200
36740508,10:12:20:508,48.07,100
36740509,10:12:20:509,48.07,100
36740509,10:12:20:509,48.075,100
36740509,10:12:20:509,48.075,100
36740509,10:12:20:509,48.075,100
36740510,10:12:20:510,48.075,100
36740511,10:12:20:511,48.075,295
36740513,10:12:20:513,48.075,100
36740514,10:12:20:514,48.075,100
36740515,10:12:20:515,48.07,295
36743597,10:12:23:597,48.075,200
36747846,10:12:27:846,48.0799,3
36755506,10:12:35:506,48.07,100
36756535,10:12:36:535,48.075,100
36757229,10:12:37:229,48.07,3
36772507,10:12:52:507,48.07,100
36772508,10:12:52:508,48.07,10
36772508,10:12:52:508,48.07,10
36772508,10:12:52:508,48.07,10
36772508,10:12:52:508,48.07,10
36772508,10:12:52:508,48.07,10
36772508,10:12:52:508,48.07,90
36772508,10:12:52:508,48.07,100
36772508,10:12:52:508,48.07,100
36772508,10:12:52:508,48.07,100
36772508,10:12:52:508,48.07,10
36772508,10:12:52:508,48.07,70
36772508,10:12:52:508,48.07,90
36772509,10:12:52:509,48.075,200
36772509,10:12:52:509,48.07,100
36772509,10:12:52:509,48.075,100
36772510,10:12:52:510,48.075,100
36772513,10:12:52:513,48.075,100
36772539,10:12:52:539,48.075,100
36774873,10:12:54:873,48.08,143
36774873,10:12:54:873,48.08,57
36774874,10:12:54:874,48.08,100
36774874,10:12:54:874,48.08,100
36774874,10:12:54:874,48.08,100
36774874,10:12:54:874,48.08,100
36774874,10:12:54:874,48.08,100
36774874,10:12:54:874,48.08,43
36774874,10:12:54:874,48.08,101
36774874,10:12:54:874,48.08,3
36774874,10:12:54:874,48.08,100
36774874,10:12:54:874,48.08,1
36774874,10:12:54:874,48.08,100
36774874,10:12:54:874,48.08,96
36774874,10:12:54:874,48.08,300
36774874,10:12:54:874,48.08,100
36774876,10:12:54:876,48.09,100
36774876,10:12:54:876,48.09,100
36774877,10:12:54:877,48.09,1
36786486,10:13:6:486,48.09,198
36786487,10:13:6:487,48.09,98
36786487,10:13:6:487,48.09,2
36786487,10:13:6:487,48.09,100
36786487,10:13:6:487,48.09,100
36786487,10:13:6:487,48.09,100
36787507,10:13:7:507,48.09,100
36792419,10:13:12:419,48.1098,100
36807507,10:13:27:507,48.09,100
36808793,10:13:28:793,48.095,5
36814590,10:13:34:590,48.1,100
36815586,10:13:35:586,48.1,62
36819414,10:13:39:414,48.1,702
36819414,10:13:39:414,48.1,100
36819414,10:13:39:414,48.1,100
36819414,10:13:39:414,48.1,100
36819415,10:13:39:415,48.1,100
36819415,10:13:39:415,48.1,100
36819415,10:13:39:415,48.1,100
36819415,10:13:39:415,48.1,100
36819415,10:13:39:415,48.1,38
36819415,10:13:39:415,48.1,100
36819415,10:13:39:415,48.1,100
36819415,10:13:39:415,48.1,200
36819415,10:13:39:415,48.1,100
36826087,10:13:46:87,48.1,80
36826119,10:13:46:119,48.1,100
36826119,10:13:46:119,48.1,90
36826119,10:13:46:119,48.1,100
36826120,10:13:46:120,48.1,120
36826120,10:13:46:120,48.1,100
36826120,10:13:46:120,48.1,10
36826120,10:13:46:120,48.1,100
36826120,10:13:46:120,48.1,10
36829556,10:13:49:556,48.1,2
36834876,10:13:54:876,48.11,100
36838510,10:13:58:510,48.1,2
36838510,10:13:58:510,48.09,98
36838511,10:13:58:511,48.1,100
36838525,10:13:58:525,48.095,100
36838632,10:13:58:632,48.1,100
36838632,10:13:58:632,48.1,100
36838632,10:13:58:632,48.1,10
36838632,10:13:58:632,48.1,10
36838632,10:13:58:632,48.1,10
36856510,10:14:16:510,48.1,100
36861350,10:14:21:350,48.11,100
36861350,10:14:21:350,48.11,100
36861350,10:14:21:350,48.11,100
36861350,10:14:21:350,48.11,200
36861350,10:14:21:350,48.11,100
36861350,10:14:21:350,48.11,3
36861350,10:14:21:350,48.11,1
36861812,10:14:21:812,48.12,100
36861812,10:14:21:812,48.12,100
36861812,10:14:21:812,48.12,200
36861812,10:14:21:812,48.12,100
36863352,10:14:23:352,48.13,100
36863725,10:14:23:725,48.13,35
36863725,10:14:23:725,48.13,65
36863726,10:14:23:726,48.13,33
36864700,10:14:24:700,48.13,10
36864751,10:14:24:751,48.13,100
36870789,10:14:30:789,48.13,100
36880005,10:14:40:5,48.12,76
36880917,10:14:40:917,48.13,20
36903665,10:15:3:665,48.1284,50
36904223,10:15:4:223,48.12,161
36904223,10:15:4:223,48.12,39
36904223,10:15:4:223,48.12,61
36904223,10:15:4:223,48.12,39
36904223,10:15:4:223,48.12,100
36904224,10:15:4:224,48.12,22
36904224,10:15:4:224,48.12,78
36904224,10:15:4:224,48.12,5
36904224,10:15:4:224,48.12,2
36904224,10:15:4:224,48.12,98
36904224,10:15:4:224,48.12,195
36904224,10:15:4:224,48.125,100
36904224,10:15:4:224,48.12,52
36904224,10:15:4:224,48.125,200
36904228,10:15:4:228,48.125,100
36904228,10:15:4:228,48.125,100
36904230,10:15:4:230,48.12,200
36904231,10:15:4:231,48.125,150
36904232,10:15:4:232,48.125,100
36904233,10:15:4:233,48.12,100
36904265,10:15:4:265,48.12,100
36904266,10:15:4:266,48.125,100
36904305,10:15:4:305,48.12,100
36904306,10:15:4:306,48.125,100
36904391,10:15:4:391,48.12,8
36904747,10:15:4:747,48.125,100
36904759,10:15:4:759,48.12,48
36904759,10:15:4:759,48.12,100
36904759,10:15:4:759,48.12,52
36904759,10:15:4:759,48.12,92
36904759,10:15:4:759,48.12,48
36904760,10:15:4:760,48.125,100
36904760,10:15:4:760,48.12,200
36904760,10:15:4:760,48.12,100
36904761,10:15:4:761,48.12,100
36904762,10:15:4:762,48.12,100
36904764,10:15:4:764,48.12,100
36904770,10:15:4:770,48.115,1
36904863,10:15:4:863,48.12,300
36904876,10:15:4:876,48.12,100
36904876,10:15:4:876,48.12,100
36904876,10:15:4:876,48.12,100
36904876,10:15:4:876,48.12,10
36904882,10:15:4:882,48.12,100
36923050,10:15:23:50,48.12,100
36923053,10:15:23:53,48.12,100
36923053,10:15:23:53,48.12,10
36923053,10:15:23:53,48.12,10
36923054,10:15:23:54,48.12,10
36945929,10:15:45:929,48.13,100
36945930,10:15:45:930,48.13,100
36948068,10:15:48:68,48.13,100
36948068,10:15:48:68,48.13,100
36948068,10:15:48:68,48.13,100
36948068,10:15:48:68,48.13,200
36948068,10:15:48:68,48.13,300
36948068,10:15:48:68,48.13,9
36948068,10:15:48:68,48.13,100
36948068,10:15:48:68,48.13,100
36948068,10:15:48:68,48.13,100
36948068,10:15:48:68,48.13,100
36948068,10:15:48:68,48.13,100
36948118,10:15:48:118,48.135,9
36955028,10:15:55:28,48.13,100
36955028,10:15:55:28,48.13,100
36955028,10:15:55:28,48.13,100
36955028,10:15:55:28,48.13,100
36955029,10:15:55:29,48.13,100
36955031,10:15:55:31,48.13,100
36955066,10:15:55:66,48.13,100
36955069,10:15:55:69,48.13,100
36963056,10:16:3:56,48.125,200
36972870,10:16:12:870,48.12,18
36974042,10:16:14:42,48.12,100
36974042,10:16:14:42,48.12,100
36974042,10:16:14:42,48.12,100
36974120,10:16:14:120,48.12,13
36977497,10:16:17:497,48.11,100
36977598,10:16:17:598,48.11,100
36977847,10:16:17:847,48.1,100
36981794,10:16:21:794,48.105,321
36984791,10:16:24:791,48.1,200
37006207,10:16:46:207,48.11,100
37006207,10:16:46:207,48.11,100
37006207,10:16:46:207,48.11,100
37006207,10:16:46:207,48.11,75
37006207,10:16:46:207,48.11,100
37006207,10:16:46:207,48.11,25
37006208,10:16:46:208,48.11,100
37006208,10:16:46:208,48.11,100
37006208,10:16:46:208,48.11,100
37006246,10:16:46:246,48.11,100
37009406,10:16:49:406,48.11,100
37009407,10:16:49:407,48.11,100
37009691,10:16:49:691,48.11,100
37036787,10:17:16:787,48.1048,327
37069718,10:17:49:718,48.1,100
37069718,10:17:49:718,48.1,100
37069718,10:17:49:718,48.1,200
37069718,10:17:49:718,48.1,100
37069718,10:17:49:718,48.1,100
37069721,10:17:49:721,48.105,500
37069724,10:17:49:724,48.1,500
37069834,10:17:49:834,48.1,100
37069834,10:17:49:834,48.1,10
37069834,10:17:49:834,48.1,10
37070002,10:17:50:2,48.11,100
37070002,10:17:50:2,48.11,100
37070005,10:17:50:5,48.11,200
37070005,10:17:50:5,48.11,100
37070006,10:17:50:6,48.11,100
37070012,10:17:50:12,48.11,100
37070012,10:17:50:12,48.11,100
37070013,10:17:50:13,48.11,100
37070013,10:17:50:13,48.11,100
37070018,10:17:50:18,48.105,900
37070033,10:17:50:33,48.11,100
37070033,10:17:50:33,48.11,100
37070033,10:17:50:33,48.11,200
37070035,10:17:50:35,48.11,100
37070036,10:17:50:36,48.11,100
37070038,10:17:50:38,48.11,100
37070039,10:17:50:39,48.11,56
37070040,10:17:50:40,48.12,44
37070123,10:17:50:123,48.11,100
37070137,10:17:50:137,48.11,100
37070137,10:17:50:137,48.11,100
37070137,10:17:50:137,48.11,10
37070137,10:17:50:137,48.11,10
37070137,10:17:50:137,48.11,10
37070143,10:17:50:143,48.105,100
37070627,10:17:50:627,48.1,13
37070627,10:17:50:627,48.1,200
37070829,10:17:50:829,48.1,200
37070929,10:17:50:929,48.1,1200
37070961,10:17:50:961,48.09,400
37071029,10:17:51:29,48.1,100
37071029,10:17:51:29,48.1,400
37071029,10:17:51:29,48.1,1400
37071029,10:17:51:29,48.1,100
37071029,10:17:51:29,48.1,100
37071029,10:17:51:29,48.1,10
37071029,10:17:51:29,48.1,10
37071029,10:17:51:29,48.1,100
37071029,10:17:51:29,48.1,100
37071029,10:17:51:29,48.1,10
37071029,10:17:51:29,48.1,10
37071029,10:17:51:29,48.1,100
37071030,10:17:51:30,48.1,100
37071030,10:17:51:30,48.1,10
37071030,10:17:51:30,48.1,100
37071112,10:17:51:112,48.1,100
37071113,10:17:51:113,48.1,10
37071113,10:17:51:113,48.1,10
37071113,10:17:51:113,48.1,10
37071130,10:17:51:130,48.1,100
37071130,10:17:51:130,48.1,100
37071131,10:17:51:131,48.1,200
37071131,10:17:51:131,48.1,30
37071131,10:17:51:131,48.1,70
37071526,10:17:51:526,48.1,100
37071725,10:17:51:725,48.1,100
37072021,10:17:52:21,48.11,100
37072023,10:17:52:23,48.11,100
37072023,10:17:52:23,48.11,100
37072025,10:17:52:25,48.11,100
37082971,10:18:2:971,48.1,100
37082971,10:18:2:971,48.1,100
37083093,10:18:3:93,48.1,500
37089058,10:18:9:58,48.1084,28
37097853,10:18:17:853,48.1,100
37106218,10:18:26:218,48.1,100
37113642,10:18:33:642,48.1031,11
37128441,10:18:48:441,48.1,100
37128441,10:18:48:441,48.1,100
37128443,10:18:48:443,48.09,15
37128443,10:18:48:443,48.09,85
37128443,10:18:48:443,48.09,100
37128617,10:18:48:617,48.1,100
37128617,10:18:48:617,48.1,100
37128617,10:18:48:617,48.1,100
37128617,10:18:48:617,48.09,100
37128617,10:18:48:617,48.09,100
37128617,10:18:48:617,48.1,10
37128617,10:18:48:617,48.1,10
37128617,10:18:48:617,48.1,10
37128617,10:18:48:617,48.1,100
37128622,10:18:48:622,48.1,1
37128622,10:18:48:622,48.09,100
37128623,10:18:48:623,48.1,100
37128623,10:18:48:623,48.1,100
37128623,10:18:48:623,48.1,100
37128623,10:18:48:623,48.1,100
37128623,10:18:48:623,48.1,100
37128623,10:18:48:623,48.1,100
37128718,10:18:48:718,48.1,100
37128718,10:18:48:718,48.1,200
37128718,10:18:48:718,48.1,100
37128718,10:18:48:718,48.1,10
37128718,10:18:48:718,48.1,100
37128718,10:18:48:718,48.1,100
37128719,10:18:48:719,48.1,100
37128722,10:18:48:722,48.1,100
37128743,10:18:48:743,48.1,2
37128744,10:18:48:744,48.1,32
37128818,10:18:48:818,48.1,100
37128856,10:18:48:856,48.1,100
37129018,10:18:49:18,48.11,100
37129019,10:18:49:19,48.11,100
37129020,10:18:49:20,48.11,100
37129021,10:18:49:21,48.11,100
37129023,10:18:49:23,48.105,100
37129879,10:18:49:879,48.1,100
37133387,10:18:53:387,48.1,100
37133496,10:18:53:496,48.1,100
37133496,10:18:53:496,48.1,100
37172446,10:19:32:446,48.1,100
37172446,10:19:32:446,48.1,100
37172456,10:19:32:456,48.09,100
37172616,10:19:32:616,48.1,100
37173428,10:19:33:428,48.1,100
37173464,10:19:33:464,48.1,100
37173465,10:19:33:465,48.1,200
37173466,10:19:33:466,48.1,100
37173530,10:19:33:530,48.1,10
37173530,10:19:33:530,48.1,100
37173531,10:19:33:531,48.1,100
37173531,10:19:33:531,48.1,100
37173531,10:19:33:531,48.1,100
37173531,10:19:33:531,48.1,100
37173531,10:19:33:531,48.1,100
37173531,10:19:33:531,48.095,100
37173531,10:19:33:531,48.1,500
37173533,10:19:33:533,48.1,100
37173633,10:19:33:633,48.1,100
37173633,10:19:33:633,48.1,200
37173958,10:19:33:958,48.1,100
37173958,10:19:33:958,48.1,200
37173958,10:19:33:958,48.1,10
37173958,10:19:33:958,48.1,90
37173958,10:19:33:958,48.1,10
37174006,10:19:34:6,48.1,100
37174008,10:19:34:8,48.1,100
37174013,10:19:34:13,48.1,10
37174013,10:19:34:13,48.1,100
37174015,10:19:34:15,48.11,190
37174015,10:19:34:15,48.11,10
37174015,10:19:34:15,48.11,100
37174015,10:19:34:15,48.11,90
37174016,10:19:34:16,48.11,100
37174016,10:19:34:16,48.11,100
37174018,10:19:34:18,48.11,100
37174018,10:19:34:18,48.11,100
37174018,10:19:34:18,48.11,100
37174019,10:19:34:19,48.11,100
37174021,10:19:34:21,48.11,100
37174024,10:19:34:24,48.11,100
37174024,10:19:34:24,48.11,100
37174026,10:19:34:26,48.11,10
37176468,10:19:36:468,48.1,100
37176796,10:19:36:796,48.1,10
37177078,10:19:37:78,48.1,100
37178190,10:19:38:190,48.1,100
37178191,10:19:38:191,48.1,81
37178191,10:19:38:191,48.1,19
37178191,10:19:38:191,48.1,81
37178294,10:19:38:294,48.1,10
37178392,10:19:38:392,48.1,1
37178392,10:19:38:392,48.1,100
37181711,10:19:41:711,48.1,100
37181711,10:19:41:711,48.1,100
37184633,10:19:44:633,48.1,100
37184633,10:19:44:633,48.1,100
37184750,10:19:44:750,48.1,100
37184750,10:19:44:750,48.1,100
37184750,10:19:44:750,48.1,100
37184750,10:19:44:750,48.1,10
37184750,10:19:44:750,48.1,10
37184750,10:19:44:750,48.1,10
37184750,10:19:44:750,48.1,10
37184750,10:19:44:750,48.1,10
37184750,10:19:44:750,48.1,100
37184796,10:19:44:796,48.1,100
37184955,10:19:44:955,48.1,100
37184955,10:19:44:955,48.1,200
37186575,10:19:46:575,48.1,100
37191779,10:19:51:779,48.1,100
37197644,10:19:57:644,48.1,100
37197645,10:19:57:645,48.1,100
37197645,10:19:57:645,48.1,10
37197843,10:19:57:843,48.09,1
37197843,10:19:57:843,48.1,100
37197843,10:19:57:843,48.1,100
37197843,10:19:57:843,48.1,100
37200404,10:20:0:404,48.1,100
37200441,10:20:0:441,48.1,100
37200454,10:20:0:454,48.1,100
37202406,10:20:2:406,48.1,100
37203765,10:20:3:765,48.1,100
37203766,10:20:3:766,48.1,100
37203766,10:20:3:766,48.1,100
37203766,10:20:3:766,48.1,100
37203932,10:20:3:932,48.1,300
37205959,10:20:5:959,48.1,100
37205959,10:20:5:959,48.1,10
37205959,10:20:5:959,48.1,100
37205959,10:20:5:959,48.1,100
37205959,10:20:5:959,48.1,100
37205959,10:20:5:959,48.1,100
37205959,10:20:5:959,48.1,100
37205959,10:20:5:959,48.1,200
37206008,10:20:6:8,48.1,200
37206009,10:20:6:9,48.1,100
37206018,10:20:6:18,48.1,100
37206019,10:20:6:19,48.1,100
37206022,10:20:6:22,48.11,3
37206022,10:20:6:22,48.11,97
37206022,10:20:6:22,48.11,3
37206022,10:20:6:22,48.11,97
37206022,10:20:6:22,48.1,10
37206227,10:20:6:227,48.1,100
37206265,10:20:6:265,48.1,100
37206367,10:20:6:367,48.1,100
37206975,10:20:6:975,48.1,100
37206975,10:20:6:975,48.1,1
37206975,10:20:6:975,48.1,100
37206980,10:20:6:980,48.1,100
37207017,10:20:7:17,48.1,200
37207077,10:20:7:77,48.1,100
37207482,10:20:7:482,48.1,100
37207482,10:20:7:482,48.1,100
37207482,10:20:7:482,48.1,10
37207482,10:20:7:482,48.1,10
37207483,10:20:7:483,48.1,100
37207486,10:20:7:486,48.1,100
37207528,10:20:7:528,48.1,100
37207528,10:20:7:528,48.1,100
37207584,10:20:7:584,48.1,100
37207584,10:20:7:584,48.1,400
37208023,10:20:8:23,48.1,100
37208089,10:20:8:89,48.1,100
37210787,10:20:10:787,48.1,200
37210933,10:20:10:933,48.1,200
37210970,10:20:10:970,48.1,100
37211335,10:20:11:335,48.1,200
37212392,10:20:12:392,48.09,100
37212450,10:20:12:450,48.1,300
37212485,10:20:12:485,48.1,100
37212553,10:20:12:553,48.1,200
37212977,10:20:12:977,48.1,100
37213289,10:20:13:289,48.1,100
37219044,10:20:19:44,48.105,100
37219044,10:20:19:44,48.105,100
37219077,10:20:19:77,48.1,100
37219078,10:20:19:78,48.1,100
37219257,10:20:19:257,48.1,200
37219275,10:20:19:275,48.1,100
37219359,10:20:19:359,48.1,200
37219572,10:20:19:572,48.1,100
37226379,10:20:26:379,48.1,100
37232871,10:20:32:871,48.1,100
37232879,10:20:32:879,48.1,300
37232924,10:20:32:924,48.1,100
37232924,10:20:32:924,48.1,100
37232924,10:20:32:924,48.1,100
37233110,10:20:33:110,48.1,100
37233110,10:20:33:110,48.1,10
37233110,10:20:33:110,48.1,100
37233422,10:20:33:422,48.1,100
37233517,10:20:33:517,48.1,100
37233517,10:20:33:517,48.1,10
37233517,10:20:33:517,48.1,100
37233517,10:20:33:517,48.1,100
37233517,10:20:33:517,48.1,100
37234007,10:20:34:7,48.11,200
37234007,10:20:34:7,48.105,200
37234009,10:20:34:9,48.11,100
37234012,10:20:34:12,48.11,200
37234018,10:20:34:18,48.11,100
37234018,10:20:34:18,48.11,100
37234020,10:20:34:20,48.11,100
37234025,10:20:34:25,48.11,100
37234025,10:20:34:25,48.11,100
37234050,10:20:34:50,48.105,100
37234557,10:20:34:557,48.1,100
37236394,10:20:36:394,48.1,100
37236555,10:20:36:555,48.1,100
37238013,10:20:38:13,48.1,100
37238014,10:20:38:14,48.1,100
37238075,10:20:38:75,48.1,100
37238111,10:20:38:111,48.1,100
37238783,10:20:38:783,48.1,100
37241820,10:20:41:820,48.1,100
37245452,10:20:45:452,48.1,100
37245663,10:20:45:663,48.1,100
37245697,10:20:45:697,48.1,100
37247085,10:20:47:85,48.1,100
37247089,10:20:47:89,48.1,200
37247090,10:20:47:90,48.1,91
37247093,10:20:47:93,48.1,400
37247103,10:20:47:103,48.1,100
37247626,10:20:47:626,48.1,100
37261011,10:21:1:11,48.105,124
37261047,10:21:1:47,48.1,100
37261048,10:21:1:48,48.1,100
37261399,10:21:1:399,48.1,1
37261400,10:21:1:400,48.1,100
37261400,10:21:1:400,48.1,100
37261537,10:21:1:537,48.1,100
37261984,10:21:1:984,48.09,100
37262118,10:21:2:118,48.1,100
37262118,10:21:2:118,48.1,100
37262157,10:21:2:157,48.1,100
37262161,10:21:2:161,48.1,100
37262161,10:21:2:161,48.1,100
37262161,10:21:2:161,48.1,200
37262167,10:21:2:167,48.1,100
37262416,10:21:2:416,48.1,100
37262442,10:21:2:442,48.1,200
37262442,10:21:2:442,48.1,100
37262517,10:21:2:517,48.1,100
37262518,10:21:2:518,48.1,1200
37262518,10:21:2:518,48.1,100
37262518,10:21:2:518,48.1,100
37262518,10:21:2:518,48.1,100
37262618,10:21:2:618,48.09,100
37262721,10:21:2:721,48.1,100
37262721,10:21:2:721,48.1,200
37262721,10:21:2:721,48.1,100
37262743,10:21:2:743,48.1,100
37262924,10:21:2:924,48.1,100
37262924,10:21:2:924,48.09,200
37262925,10:21:2:925,48.1,100
37262928,10:21:2:928,48.1,600
37263021,10:21:3:21,48.1,10
37263021,10:21:3:21,48.1,90
37263021,10:21:3:21,48.1,10
37263022,10:21:3:22,48.11,90
37263023,10:21:3:23,48.11,100
37263024,10:21:3:24,48.11,100
37263468,10:21:3:468,48.1,100
37263532,10:21:3:532,48.1,200
37263633,10:21:3:633,48.1,100
37264394,10:21:4:394,48.1,100
37264445,10:21:4:445,48.1,200
37264486,10:21:4:486,48.1,100
37265866,10:21:5:866,48.1,100
37267746,10:21:7:746,48.1,100
37267747,10:21:7:747,48.1,100
37267792,10:21:7:792,48.1,100
37270219,10:21:10:219,48.1,100
37270269,10:21:10:269,48.1,100
37270269,10:21:10:269,48.1,100
37270321,10:21:10:321,48.1,100
37270321,10:21:10:321,48.1,10
37271681,10:21:11:681,48.1099,1
37273469,10:21:13:469,48.1,53
37273577,10:21:13:577,48.1,200
37273608,10:21:13:608,48.1,100
37273678,10:21:13:678,48.1,100
37273681,10:21:13:681,48.1,100
37273983,10:21:13:983,48.1,100
37275597,10:21:15:597,48.1,100
37275710,10:21:15:710,48.1,100
37279658,10:21:19:658,48.1,100
37279683,10:21:19:683,48.1,100
37279690,10:21:19:690,48.1,100
37288436,10:21:28:436,48.1,100
37288436,10:21:28:436,48.1,74
37288436,10:21:28:436,48.1,26
37288648,10:21:28:648,48.1,100
37288948,10:21:28:948,48.1,300
37288949,10:21:28:949,48.1,200
37288949,10:21:28:949,48.1,100
37288949,10:21:28:949,48.1,10
37289049,10:21:29:49,48.1,100
37289049,10:21:29:49,48.1,100
37289049,10:21:29:49,48.1,100
37289648,10:21:29:648,48.1,100
37289648,10:21:29:648,48.1,100
37292956,10:21:32:956,48.1,100
37293561,10:21:33:561,48.1,36
37293562,10:21:33:562,48.1,100
37299402,10:21:39:402,48.107,130
37301115,10:21:41:115,48.1,100
37301127,10:21:41:127,48.1,100
37301128,10:21:41:128,48.1,10
37301128,10:21:41:128,48.1,10
37303417,10:21:43:417,48.1,100
37306874,10:21:46:874,48.1,100
37306874,10:21:46:874,48.1,200
37310949,10:21:50:949,48.1,100
37311024,10:21:51:24,48.1,100
37311024,10:21:51:24,48.1,100
37311046,10:21:51:46,48.1,100
37311046,10:21:51:46,48.1,100
37311046,10:21:51:46,48.1,10
37311046,10:21:51:46,48.1,10
37314329,10:21:54:329,48.1,100
37315895,10:21:55:895,48.1,100
37319225,10:21:59:225,48.1,9
37319550,10:21:59:550,48.1,100
37320698,10:22:0:698,48.1,100
37320744,10:22:0:744,48.1,100
37322384,10:22:2:384,48.1,100
37325969,10:22:5:969,48.1,100
37325969,10:22:5:969,48.1,1
37325971,10:22:5:971,48.1,100
37325971,10:22:5:971,48.1,100
37329464,10:22:9:464,48.1,200
37329500,10:22:9:500,48.1,100
37329564,10:22:9:564,48.1,200
37337035,10:22:17:35,48.09,200
37337070,10:22:17:70,48.09,100
37337070,10:22:17:70,48.09,100
37340253,10:22:20:253,48.08,10
37340254,10:22:20:254,48.08,90
37340255,10:22:20:255,48.07,100
37340258,10:22:20:258,48.07,100
37340277,10:22:20:277,48.07,200
37340448,10:22:20:448,48.07,10
37340452,10:22:20:452,48.0605,10
37340461,10:22:20:461,48.06,190
37340462,10:22:20:462,48.06,110
37340462,10:22:20:462,48.06,200
37340462,10:22:20:462,48.06,10
37340516,10:22:20:516,48.07,400
37340517,10:22:20:517,48.07,500
37340543,10:22:20:543,48.06,100
37340543,10:22:20:543,48.07,300
37344995,10:22:24:995,48.0608,500
37344997,10:22:24:997,48.0608,300
37347963,10:22:27:963,48.05,100
37347964,10:22:27:964,48.05,100
37348103,10:22:28:103,48.05,100
37348103,10:22:28:103,48.05,200
37348103,10:22:28:103,48.05,100
37348174,10:22:28:174,48.06,5
37348174,10:22:28:174,48.06,5
37348176,10:22:28:176,48.06,5
37348179,10:22:28:179,48.06,5
37349807,10:22:29:807,48.05,100
37353414,10:22:33:414,48.06,80
37353414,10:22:33:414,48.06,100
37353414,10:22:33:414,48.06,30
37353414,10:22:33:414,48.06,70
37353414,10:22:33:414,48.06,100
37353414,10:22:33:414,48.06,100
37353414,10:22:33:414,48.06,300
37353415,10:22:33:415,48.06,100
37353415,10:22:33:415,48.06,100
37353415,10:22:33:415,48.06,100
37353415,10:22:33:415,48.06,100
37353415,10:22:33:415,48.06,300
37353415,10:22:33:415,48.06,100
37353415,10:22:33:415,48.06,100
37353415,10:22:33:415,48.06,100
37353417,10:22:33:417,48.055,100
37354012,10:22:34:12,48.06,100
37370858,10:22:50:858,48.06,81
37380917,10:23:0:917,48.05,69
37380917,10:23:0:917,48.05,100
37380917,10:23:0:917,48.05,31
37380918,10:23:0:918,48.05,100
37380918,10:23:0:918,48.04,100
37380918,10:23:0:918,48.055,400
37380918,10:23:0:918,48.04,100
37381060,10:23:1:60,48.05,100
37381060,10:23:1:60,48.05,100
37381061,10:23:1:61,48.05,100
37381066,10:23:1:66,48.05,100
37381066,10:23:1:66,48.05,100
37381161,10:23:1:161,48.05,100
37381172,10:23:1:172,48.04,100
37381450,10:23:1:450,48.05,100
37382002,10:23:2:2,48.06,100
37382003,10:23:2:3,48.06,100
37382004,10:23:2:4,48.05,200
37382006,10:23:2:6,48.055,100
37382006,10:23:2:6,48.06,100
37382016,10:23:2:16,48.06,200
37382021,10:23:2:21,48.06,100
37382021,10:23:2:21,48.06,100
37382022,10:23:2:22,48.06,100
37382022,10:23:2:22,48.06,100
37382109,10:23:2:109,48.06,100
37382121,10:23:2:121,48.055,100
37387061,10:23:7:61,48.05,54
37387061,10:23:7:61,48.05,100
37387061,10:23:7:61,48.05,100
37387067,10:23:7:67,48.05,100
37387241,10:23:7:241,48.05,100
37387241,10:23:7:241,48.05,100
37387241,10:23:7:241,48.05,10
37392419,10:23:12:419,48.0983,100
37401775,10:23:21:775,48.05,100
37401910,10:23:21:910,48.05,400
37405284,10:23:25:284,48.05,100
37407057,10:23:27:57,48.05,100
37407218,10:23:27:218,48.045,100
37407218,10:23:27:218,48.05,200
37407218,10:23:27:218,48.05,200
37408419,10:23:28:419,48.05,100
37408514,10:23:28:514,48.05,200
37412074,10:23:32:74,48.05,100
37412075,10:23:32:75,48.05,100
37412120,10:23:32:120,48.05,100
37412253,10:23:32:253,48.05,100
37412595,10:23:32:595,48.058,1
37414031,10:23:34:31,48.05,100
37424485,10:23:44:485,48.05,100
37426708,10:23:46:708,48.04,7
37434666,10:23:54:666,48.05,100
37440174,10:24:0:174,48.04,100
37440175,10:24:0:175,48.04,100
37442425,10:24:2:425,48.03,112
37442425,10:24:2:425,48.03,88
37442425,10:24:2:425,48.03,200
37442426,10:24:2:426,48.03,10
37442912,10:24:2:912,48.02,300
37443050,10:24:3:50,48.02,100
37443089,10:24:3:89,48.02,5
37443187,10:24:3:187,48.015,300
37444370,10:24:4:370,48.01,70
37444370,10:24:4:370,48.01,30
37446017,10:24:6:17,48,188
37446017,10:24:6:17,48,30
37446017,10:24:6:17,48,105
37446017,10:24:6:17,48,82
37446017,10:24:6:17,48,70
37446017,10:24:6:17,48,120
37446038,10:24:6:38,48,400
37446039,10:24:6:39,48,300
37447601,10:24:7:601,48,59
37447601,10:24:7:601,48,241
37447603,10:24:7:603,48,59
37447625,10:24:7:625,48,100
37447688,10:24:7:688,48.005,300
37447942,10:24:7:942,48,100
37448492,10:24:8:492,48,100
37455880,10:24:15:880,48.01,100
37465068,10:24:25:68,48,100
37472595,10:24:32:595,48,200
37477139,10:24:37:139,48,100
37477718,10:24:37:718,48.005,300
37483723,10:24:43:723,48,200
37483723,10:24:43:723,48,3
37483724,10:24:43:724,48,100
37483797,10:24:43:797,48.005,300
37490840,10:24:50:840,48,100
37490841,10:24:50:841,48,41
37490863,10:24:50:863,48,100
37490863,10:24:50:863,48,200
37490866,10:24:50:866,48,300
37491052,10:24:51:52,48,36
37498228,10:24:58:228,48,300
37498228,10:24:58:228,48,100
37498228,10:24:58:228,48,100
37498228,10:24:58:228,48,300
37498229,10:24:58:229,48,300
37498247,10:24:58:247,48.005,100
37498252,10:24:58:252,48.005,100
37498782,10:24:58:782,48.005,300
37504137,10:25:4:137,48,86
37504150,10:25:4:150,48,100
37504674,10:25:4:674,48.01,100
37506719,10:25:6:719,48.009,100
37510508,10:25:10:508,48,500
37512542,10:25:12:542,48,200
37518332,10:25:18:332,48,300
37518332,10:25:18:332,48.005,30
37518332,10:25:18:332,48,70
37518332,10:25:18:332,48,30
37518427,10:25:18:427,48,60
37521006,10:25:21:6,48,100
37521717,10:25:21:717,48,100
37534890,10:25:34:890,48,100
37534891,10:25:34:891,48,200
37534891,10:25:34:891,48,400
37534891,10:25:34:891,48,300
37534892,10:25:34:892,48,100
37534892,10:25:34:892,48,100
37534893,10:25:34:893,48,1500
37534894,10:25:34:894,48,100
37534899,10:25:34:899,48,300
37534900,10:25:34:900,48,100
37535165,10:25:35:165,48,100
37536777,10:25:36:777,48,28
37538544,10:25:38:544,48,100
37542097,10:25:42:97,48,100
37545321,10:25:45:321,48,300
37545322,10:25:45:322,48,100
37545322,10:25:45:322,48,300
37545322,10:25:45:322,48,300
37545324,10:25:45:324,48,100
37552029,10:25:52:29,48,300
37552032,10:25:52:32,48,100
37552885,10:25:52:885,48,400
37552886,10:25:52:886,48,20
37552887,10:25:52:887,48,100
37556186,10:25:56:186,48,100
37556187,10:25:56:187,48,14
37556187,10:25:56:187,48,100
37556188,10:25:56:188,48,100
37556188,10:25:56:188,48,186
37556188,10:25:56:188,48,300
37556224,10:25:56:224,48,100
37556412,10:25:56:412,48,100
37558322,10:25:58:322,48,300
37558325,10:25:58:325,48,100
37558325,10:25:58:325,48,100
37560433,10:26:0:433,48,2
37560435,10:26:0:435,48,100
37560436,10:26:0:436,48,200
37560437,10:26:0:437,48,100
37560437,10:26:0:437,48,100
37560445,10:26:0:445,48,300
37560452,10:26:0:452,48,300
37560452,10:26:0:452,48,100
37560455,10:26:0:455,48,300
37560463,10:26:0:463,48,300
37560463,10:26:0:463,48,300
37560472,10:26:0:472,48,300
37560495,10:26:0:495,48,6300
37560551,10:26:0:551,48,100
37560699,10:26:0:699,48,100
37560718,10:26:0:718,48,100
37560729,10:26:0:729,48,100
37561007,10:26:1:7,48,1400
37561010,10:26:1:10,48,100
37561010,10:26:1:10,48,100
37561237,10:26:1:237,48,100
37561507,10:26:1:507,48,100
37562544,10:26:2:544,48,100
37563795,10:26:3:795,48,300
37564708,10:26:4:708,48,127
37564742,10:26:4:742,48,100
37568430,10:26:8:430,48,100
37568430,10:26:8:430,48,54
37568457,10:26:8:457,48,100
37569338,10:26:9:338,48,300
37569339,10:26:9:339,48,300
37569341,10:26:9:341,48,100
37569372,10:26:9:372,48,100
37570177,10:26:10:177,48,300
37570222,10:26:10:222,48,100
37574544,10:26:14:544,48,300
37576295,10:26:16:295,48.01,100
37580795,10:26:20:795,48,300
37580795,10:26:20:795,48,100
37580795,10:26:20:795,48,300
37580826,10:26:20:826,48,100
37581321,10:26:21:321,48,100
37588150,10:26:28:150,48,600
37588151,10:26:28:151,48,2
37588185,10:26:28:185,48,100
37589147,10:26:29:147,48.01,100
37589148,10:26:29:148,48.01,100
37589148,10:26:29:148,48.01,100
37589148,10:26:29:148,48.01,100
37589148,10:26:29:148,48.01,50
37589148,10:26:29:148,48.01,100
37589148,10:26:29:148,48.01,50
37589148,10:26:29:148,48.01,100
37589148,10:26:29:148,48.01,153
37589148,10:26:29:148,48.01,100
37589148,10:26:29:148,48.01,149
37589148,10:26:29:148,48.01,100
37589148,10:26:29:148,48.01,100
37589148,10:26:29:148,48.01,300
37589148,10:26:29:148,48.01,200
37589148,10:26:29:148,48.01,47
37589148,10:26:29:148,48.01,53
37589148,10:26:29:148,48.01,47
37589148,10:26:29:148,48.01,59
37589148,10:26:29:148,48.01,100
37589148,10:26:29:148,48.01,3
37589148,10:26:29:148,48.01,100
37589148,10:26:29:148,48.01,51
37589148,10:26:29:148,48.01,49
37589148,10:26:29:148,48.01,1
37589148,10:26:29:148,48.01,50
37589148,10:26:29:148,48.01,50
37589148,10:26:29:148,48.01,100
37589148,10:26:29:148,48.01,5
37589148,10:26:29:148,48.01,100
37589149,10:26:29:149,48.01,100
37589150,10:26:29:150,48.01,100
37589150,10:26:29:150,48.01,5
37589150,10:26:29:150,48.01,52
37589162,10:26:29:162,48.005,50
37589163,10:26:29:163,48.005,100
37596479,10:26:36:479,48.01,98
37596479,10:26:36:479,48.01,2
37596481,10:26:36:481,48.02,66
37596481,10:26:36:481,48.02,34
37596482,10:26:36:482,48.015,100
37596636,10:26:36:636,48.005,100
37597758,10:26:37:758,48.01,100
37602290,10:26:42:290,48.005,100
37635207,10:27:15:207,48.01,100
37635207,10:27:15:207,48.01,100
37635208,10:27:15:208,48.01,46
37635208,10:27:15:208,48.01,40
37652334,10:27:32:334,48.007,25
37655187,10:27:35:187,48,100
37655187,10:27:35:187,48,200
37655187,10:27:35:187,48,100
37655188,10:27:35:188,48,100
37655188,10:27:35:188,48,409
37655188,10:27:35:188,48,100
37655188,10:27:35:188,48,50
37655188,10:27:35:188,48,296
37663256,10:27:43:256,47.99,100
37663256,10:27:43:256,47.99,100
37666745,10:27:46:745,47.97,2
37666745,10:27:46:745,47.97,100
37666747,10:27:46:747,47.96,50
37666748,10:27:46:748,47.96,8
37666748,10:27:46:748,47.96,242
37666748,10:27:46:748,47.96,3
37666748,10:27:46:748,47.96,97
37667246,10:27:47:246,47.95,1
37667246,10:27:47:246,47.95,200
37667247,10:27:47:247,47.95,10
37667248,10:27:47:248,47.95,100
37667248,10:27:47:248,47.95,100
37667248,10:27:47:248,47.95,30
37667249,10:27:47:249,47.95,30
37667411,10:27:47:411,47.94,100
37667490,10:27:47:490,47.94,100
37667490,10:27:47:490,47.94,89
37667830,10:27:47:830,47.9407,100
37667930,10:27:47:930,47.94,100
37670106,10:27:50:106,47.94,1
37670107,10:27:50:107,47.94,1
37671135,10:27:51:135,47.94,98
37681233,10:28:1:233,47.935,81
37687527,10:28:7:527,47.93,16
37687527,10:28:7:527,47.93,7
37689191,10:28:9:191,47.93,100
37689191,10:28:9:191,47.93,100
37689191,10:28:9:191,47.93,77
37689199,10:28:9:199,47.92,100
37690574,10:28:10:574,47.92,4
37694833,10:28:14:833,47.912,11
37702132,10:28:22:132,47.915,100
37702134,10:28:22:134,47.92,100
37714854,10:28:34:854,47.92,100
37714854,10:28:34:854,47.93,100
37714854,10:28:34:854,47.92,200
37714854,10:28:34:854,47.92,100
37714854,10:28:34:854,47.93,100
37714854,10:28:34:854,47.93,100
37714854,10:28:34:854,47.94,100
37714854,10:28:34:854,47.94,100
37714854,10:28:34:854,47.95,241
37714854,10:28:34:854,47.95,100
37714854,10:28:34:854,47.95,144
37714854,10:28:34:854,47.95,100
37714854,10:28:34:854,47.92,100
37714854,10:28:34:854,47.92,100
37714854,10:28:34:854,47.93,200
37714854,10:28:34:854,47.95,100
37714854,10:28:34:854,47.93,93
37714854,10:28:34:854,47.93,100
37714854,10:28:34:854,47.93,100
37714854,10:28:34:854,47.93,100
37714854,10:28:34:854,47.95,100
37714854,10:28:34:854,47.95,100
37714854,10:28:34:854,47.93,7
37714854,10:28:34:854,47.95,100
37714854,10:28:34:854,47.93,100
37714854,10:28:34:854,47.93,100
37714854,10:28:34:854,47.92,100
37714854,10:28:34:854,47.93,100
37714854,10:28:34:854,47.93,100
37714854,10:28:34:854,47.94,100
37714854,10:28:34:854,47.95,168
37714855,10:28:34:855,47.95,100
37714855,10:28:34:855,47.92,100
37714855,10:28:34:855,47.94,100
37714855,10:28:34:855,47.95,300
37714855,10:28:34:855,47.93,77
37714855,10:28:34:855,47.93,23
37714855,10:28:34:855,47.93,89
37714855,10:28:34:855,47.93,11
37714855,10:28:34:855,47.94,100
37714855,10:28:34:855,47.92,100
37714859,10:28:34:859,47.915,100
37714863,10:28:34:863,47.95,100
37714863,10:28:34:863,47.95,833
37714895,10:28:34:895,47.95,100
37714896,10:28:34:896,47.95,100
37714896,10:28:34:896,47.95,100
37714896,10:28:34:896,47.95,100
37714896,10:28:34:896,47.95,100
37714896,10:28:34:896,47.95,100
37714896,10:28:34:896,47.95,100
37714896,10:28:34:896,47.95,100
37714896,10:28:34:896,47.95,38
37714896,10:28:34:896,47.95,100
37714898,10:28:34:898,47.95,100
37714973,10:28:34:973,47.9175,100
37714986,10:28:34:986,47.95,1
37715402,10:28:35:402,47.95,100
37715402,10:28:35:402,47.95,100
37715402,10:28:35:402,47.95,100
37715404,10:28:35:404,47.95,100
37721599,10:28:41:599,47.95,100
37721599,10:28:41:599,47.95,200
37721599,10:28:41:599,47.95,100
37721599,10:28:41:599,47.95,100
37721600,10:28:41:600,47.95,100
37721603,10:28:41:603,47.95,100
37721617,10:28:41:617,47.95,100
37721619,10:28:41:619,47.95,100
37722107,10:28:42:107,47.95,100
37722111,10:28:42:111,47.95,100
37733518,10:28:53:518,47.95,100
37733518,10:28:53:518,47.95,100
37733518,10:28:53:518,47.95,100
37733519,10:28:53:519,47.95,100
37733519,10:28:53:519,47.95,100
37733519,10:28:53:519,47.95,100
37733519,10:28:53:519,47.95,100
37733519,10:28:53:519,47.95,100
37733519,10:28:53:519,47.95,100
37733520,10:28:53:520,47.95,7
37733520,10:28:53:520,47.95,100
37733521,10:28:53:521,47.95,100
37733523,10:28:53:523,47.95,100
37733523,10:28:53:523,47.95,100
37733528,10:28:53:528,47.95,100
37733544,10:28:53:544,47.95,100
37733544,10:28:53:544,47.95,10
37733556,10:28:53:556,47.95,100
37733558,10:28:53:558,47.95,10
