MsOfDay, Time,Price,Size
34200008,9:30:0:8,48.48,100
34200008,9:30:0:8,48.48,100
34200068,9:30:0:68,48.52,100
34200068,9:30:0:68,48.52,100
34200068,9:30:0:68,48.55,100
34200068,9:30:0:68,48.61,83
34200113,9:30:0:113,48.48,100
34201005,9:30:1:5,48.47,9607
34201025,9:30:1:25,48.47,1
34202041,9:30:2:41,48.52,8
34202041,9:30:2:41,48.52,100
34202041,9:30:2:41,48.52,8
34202277,9:30:2:277,48.52,100
34262383,9:31:2:383,48.48,1
34268935,9:31:8:935,48.48,1
34311450,9:31:51:450,48.51,100
34311456,9:31:51:456,48.51,12
34311456,9:31:51:456,48.49,88
34311456,9:31:51:456,48.51,12
34311456,9:31:51:456,48.49,12
34311458,9:31:51:458,48.45,25
34318406,9:31:58:406,48.47,12
34318406,9:31:58:406,48.47,188
34318411,9:31:58:411,48.47,100
34318412,9:31:58:412,48.47,100
34320948,9:32:0:948,48.55,20
34326660,9:32:6:660,48.49,100
34326662,9:32:6:662,48.48,51
34326662,9:32:6:662,48.48,349
34326663,9:32:6:663,48.47,100
34328630,9:32:8:630,48.448,100
34328631,9:32:8:631,48.448,100
34328646,9:32:8:646,48.457,1600
34341933,9:32:21:933,48.48,1
34356413,9:32:36:413,48.5,9
34380182,9:33:0:182,48.43,100
34380182,9:33:0:182,48.43,50
34380182,9:33:0:182,48.43,50
34380182,9:33:0:182,48.43,100
34381459,9:33:1:459,48.42,100
34381466,9:33:1:466,48.39,100
34386413,9:33:6:413,48.42,100
34390360,9:33:10:360,48.37,100
34390361,9:33:10:361,48.37,200
34406583,9:33:26:583,48.35,100
34406587,9:33:26:587,48.35,100
34406587,9:33:26:587,48.35,100
34406587,9:33:26:587,48.35,100
34406587,9:33:26:587,48.35,100
34406587,9:33:26:587,48.35,100
34406587,9:33:26:587,48.35,100
34406587,9:33:26:587,48.35,100
34406587,9:33:26:587,48.35,100
34406587,9:33:26:587,48.35,100
34406588,9:33:26:588,48.35,100
34406588,9:33:26:588,48.35,100
34406588,9:33:26:588,48.35,100
34406588,9:33:26:588,48.35,100
34406589,9:33:26:589,48.35,100
34406589,9:33:26:589,48.35,100
34406589,9:33:26:589,48.35,100
34406590,9:33:26:590,48.35,100
34406590,9:33:26:590,48.35,100
34406590,9:33:26:590,48.35,100
34406590,9:33:26:590,48.35,100
34406591,9:33:26:591,48.35,100
34406591,9:33:26:591,48.35,100
34406591,9:33:26:591,48.35,100
34406592,9:33:26:592,48.35,100
34406601,9:33:26:601,48.35,100
34406643,9:33:26:643,48.34,600
34406643,9:33:26:643,48.34,100
34406643,9:33:26:643,48.34,100
34406644,9:33:26:644,48.34,100
34407710,9:33:27:710,48.27,100
34449450,9:34:9:450,48.47,1
34451866,9:34:11:866,48.33,1
34454958,9:34:14:958,48.33,11
34462914,9:34:22:914,48.33,188
34462933,9:34:22:933,48.32,100
34462933,9:34:22:933,48.33,100
34462933,9:34:22:933,48.33,100
34462933,9:34:22:933,48.33,100
34462934,9:34:22:934,48.34,100
34462934,9:34:22:934,48.34,65
34462934,9:34:22:934,48.34,100
34462934,9:34:22:934,48.34,35
34462935,9:34:22:935,48.35,100
34462935,9:34:22:935,48.35,100
34462935,9:34:22:935,48.35,100
34462935,9:34:22:935,48.35,62
34462935,9:34:22:935,48.35,38
34462935,9:34:22:935,48.35,100
34462936,9:34:22:936,48.35,12
34462936,9:34:22:936,48.35,38
34462936,9:34:22:936,48.35,88
34462936,9:34:22:936,48.35,50
34462936,9:34:22:936,48.35,12
34462936,9:34:22:936,48.35,38
34462936,9:34:22:936,48.35,62
34462936,9:34:22:936,48.35,62
34462936,9:34:22:936,48.35,38
34462936,9:34:22:936,48.35,100
34462936,9:34:22:936,48.35,100
34462936,9:34:22:936,48.35,100
34462936,9:34:22:936,48.35,100
34462936,9:34:22:936,48.35,100
34462936,9:34:22:936,48.35,100
34462969,9:34:22:969,48.35,100
34462970,9:34:22:970,48.35,100
34462970,9:34:22:970,48.35,100
34462970,9:34:22:970,48.35,100
34462972,9:34:22:972,48.35,100
34462973,9:34:22:973,48.35,100
34462976,9:34:22:976,48.34,100
34463000,9:34:23:0,48.35,100
34465280,9:34:25:280,48.34,100
34465280,9:34:25:280,48.34,100
34467560,9:34:27:560,48.34,100
34467666,9:34:27:666,48.35,100
34468389,9:34:28:389,48.35,100
34506120,9:35:6:120,48.35,2
34533536,9:35:33:536,48.35,3
34543370,9:35:43:370,48.35,100
34543371,9:35:43:371,48.35,100
34555417,9:35:55:417,48.34,100
34555421,9:35:55:421,48.34,9
34555474,9:35:55:474,48.33,12
34555475,9:35:55:475,48.33,88
34555476,9:35:55:476,48.32,100
34555476,9:35:55:476,48.32,100
34555476,9:35:55:476,48.34,100
34555476,9:35:55:476,48.32,200
34555476,9:35:55:476,48.32,100
34555476,9:35:55:476,48.32,100
34555476,9:35:55:476,48.32,100
34555476,9:35:55:476,48.32,100
34555476,9:35:55:476,48.32,100
34555476,9:35:55:476,48.32,1
34555476,9:35:55:476,48.335,100
34555476,9:35:55:476,48.32,100
34555476,9:35:55:476,48.32,100
34555477,9:35:55:477,48.32,91
34555477,9:35:55:477,48.33,100
34555477,9:35:55:477,48.31,100
34555477,9:35:55:477,48.335,100
34555477,9:35:55:477,48.31,100
34555477,9:35:55:477,48.335,100
34555478,9:35:55:478,48.335,91
34555628,9:35:55:628,48.33,100
34555629,9:35:55:629,48.33,100
34555814,9:35:55:814,48.33,88
34555814,9:35:55:814,48.33,12
34555814,9:35:55:814,48.33,65
34555816,9:35:55:816,48.33,35
34555817,9:35:55:817,48.33,100
34555817,9:35:55:817,48.33,100
34555818,9:35:55:818,48.33,200
34555818,9:35:55:818,48.32,100
34555819,9:35:55:819,48.32,100
34555820,9:35:55:820,48.34,200
34556509,9:35:56:509,48.3,100
34575975,9:36:15:975,48.27,26
34576050,9:36:16:50,48.28,100
34576050,9:36:16:50,48.28,64
34576050,9:36:16:50,48.27,74
34576050,9:36:16:50,48.27,100
34576050,9:36:16:50,48.3,14
34576050,9:36:16:50,48.3,86
34576051,9:36:16:51,48.27,100
34576051,9:36:16:51,48.27,50
34576317,9:36:16:317,48.27,100
34596112,9:36:36:112,48.27,9
34596114,9:36:36:114,48.27,100
34596114,9:36:36:114,48.27,100
34596114,9:36:36:114,48.27,91
34596114,9:36:36:114,48.27,100
34596115,9:36:36:115,48.27,100
34596115,9:36:36:115,48.27,100
34596545,9:36:36:545,48.27,265
34596545,9:36:36:545,48.27,100
34596545,9:36:36:545,48.27,100
34596545,9:36:36:545,48.27,100
34596550,9:36:36:550,48.27,135
34599249,9:36:39:249,48.25,100
34605014,9:36:45:14,48.29,100
34611333,9:36:51:333,48.28,20
34621435,9:37:1:435,48.25,2
34621439,9:37:1:439,48.25,198
34621440,9:37:1:440,48.25,198
34621440,9:37:1:440,48.25,2
34621440,9:37:1:440,48.25,198
34621440,9:37:1:440,48.25,2
34621445,9:37:1:445,48.25,100
34621789,9:37:1:789,48.25,100
34621789,9:37:1:789,48.25,100
34621789,9:37:1:789,48.25,92
34623121,9:37:3:121,48.24,100
34623244,9:37:3:244,48.24,100
34623244,9:37:3:244,48.245,1
34623244,9:37:3:244,48.24,99
34623244,9:37:3:244,48.24,1
34623555,9:37:3:555,48.24,100
34626219,9:37:6:219,48.24,100
34626219,9:37:6:219,48.24,100
34638443,9:37:18:443,48.24,1
34640781,9:37:20:781,48.24,133
34640781,9:37:20:781,48.24,100
34640782,9:37:20:782,48.24,76
34640782,9:37:20:782,48.24,24
34640784,9:37:20:784,48.24,100
34640790,9:37:20:790,48.24,200
34640791,9:37:20:791,48.24,100
34640791,9:37:20:791,48.24,100
34640797,9:37:20:797,48.245,100
34640860,9:37:20:860,48.245,200
34640867,9:37:20:867,48.245,200
34640872,9:37:20:872,48.245,100
34640917,9:37:20:917,48.25,100
34640918,9:37:20:918,48.25,100
34640918,9:37:20:918,48.25,100
34640918,9:37:20:918,48.25,1
34640918,9:37:20:918,48.25,100
34640918,9:37:20:918,48.25,18
34640918,9:37:20:918,48.25,200
34640918,9:37:20:918,48.25,65
34640919,9:37:20:919,48.25,100
34640919,9:37:20:919,48.25,35
34641318,9:37:21:318,48.24,300
34641318,9:37:21:318,48.24,95
34641318,9:37:21:318,48.24,100
34641319,9:37:21:319,48.24,5
34641319,9:37:21:319,48.24,100
34641319,9:37:21:319,48.24,100
34641319,9:37:21:319,48.24,100
34641820,9:37:21:820,48.25,61
34652524,9:37:32:524,48.25,160
34665235,9:37:45:235,48.24,8
34672189,9:37:52:189,48.23,100
34688879,9:38:8:879,48.24,100
34688879,9:38:8:879,48.24,100
34688879,9:38:8:879,48.24,100
34688879,9:38:8:879,48.24,100
34688887,9:38:8:887,48.24,100
34689914,9:38:9:914,48.24,800
34689915,9:38:9:915,48.24,100
34690699,9:38:10:699,48.21,100
34690700,9:38:10:700,48.21,100
34691499,9:38:11:499,48.2,100
34691499,9:38:11:499,48.2,1
34699324,9:38:19:324,48.18,450
34699324,9:38:19:324,48.18,50
34699495,9:38:19:495,48.14,100
34710955,9:38:30:955,48.14,100
34710955,9:38:30:955,48.14,88
34710955,9:38:30:955,48.14,12
34713347,9:38:33:347,48.15,200
34714394,9:38:34:394,48.16,1
34715174,9:38:35:174,48.16,200
34715174,9:38:35:174,48.16,100
34715187,9:38:35:187,48.16,200
34715187,9:38:35:187,48.16,100
34715187,9:38:35:187,48.16,100
34715502,9:38:35:502,48.15,100
34719007,9:38:39:7,48.18,15
34737291,9:38:57:291,48.18,192
34737291,9:38:57:291,48.18,100
34737291,9:38:57:291,48.18,208
34737291,9:38:57:291,48.19,92
34737292,9:38:57:292,48.18,85
34737292,9:38:57:292,48.18,223
34737292,9:38:57:292,48.19,100
34737292,9:38:57:292,48.19,8
34737902,9:38:57:902,48.18,100
34737902,9:38:57:902,48.18,100
34779360,9:39:39:360,48.2,32
34779399,9:39:39:399,48.2,20
34779399,9:39:39:399,48.2,20
34779399,9:39:39:399,48.2,20
34779399,9:39:39:399,48.2,40
34779399,9:39:39:399,48.2,40
34779399,9:39:39:399,48.2,7
34779401,9:39:39:401,48.2,60
34779401,9:39:39:401,48.2,93
34779409,9:39:39:409,48.21,20
34779651,9:39:39:651,48.195,65
34799016,9:39:59:16,48.18,100
34799016,9:39:59:16,48.18,44
34799016,9:39:59:16,48.18,200
34799016,9:39:59:16,48.18,100
34799017,9:39:59:17,48.18,100
34799017,9:39:59:17,48.18,38
34799017,9:39:59:17,48.18,127
34799017,9:39:59:17,48.18,35
34799018,9:39:59:18,48.17,200
34799018,9:39:59:18,48.17,100
34799018,9:39:59:18,48.17,100
34799018,9:39:59:18,48.17,100
34799029,9:39:59:29,48.185,100
34799030,9:39:59:30,48.17,100
34799374,9:39:59:374,48.165,35
34799376,9:39:59:376,48.15,35
34799376,9:39:59:376,48.15,300
34799377,9:39:59:377,48.15,65
34799378,9:39:59:378,48.15,100
34799388,9:39:59:388,48.14,100
34802612,9:40:2:612,48.14,100
34802612,9:40:2:612,48.14,100
34802612,9:40:2:612,48.14,70
34802612,9:40:2:612,48.15,30
34802612,9:40:2:612,48.15,100
34802612,9:40:2:612,48.15,100
34802620,9:40:2:620,48.15,100
34802623,9:40:2:623,48.15,100
34802642,9:40:2:642,48.15,100
34802645,9:40:2:645,48.15,100
34802645,9:40:2:645,48.15,100
34802660,9:40:2:660,48.09,100
34802660,9:40:2:660,48.09,100
34843010,9:40:43:10,48.15,100
34843010,9:40:43:10,48.15,1
34843010,9:40:43:10,48.15,100
34843010,9:40:43:10,48.15,100
34843010,9:40:43:10,48.15,100
34846458,9:40:46:458,48.125,20000
34846970,9:40:46:970,48.13,23
34846970,9:40:46:970,48.11,100
34846970,9:40:46:970,48.11,100
34846971,9:40:46:971,48.11,100
34846973,9:40:46:973,48.11,23
34846974,9:40:46:974,48.11,77
34846974,9:40:46:974,48.11,100
34846975,9:40:46:975,48.11,100
34846975,9:40:46:975,48.13,100
34846978,9:40:46:978,48.11,100
34847804,9:40:47:804,48.11,100
34848533,9:40:48:533,48.11,100
34848533,9:40:48:533,48.11,200
34848533,9:40:48:533,48.11,100
34848965,9:40:48:965,48.09,300
34854345,9:40:54:345,48.085,1
34855235,9:40:55:235,48.08,100
34855997,9:40:55:997,48.08,100
34884582,9:41:24:582,48.08,52
34886440,9:41:26:440,48.08,100
34886897,9:41:26:897,48.08,100
34897378,9:41:37:378,48.0813,85
34920512,9:42:0:512,48.09,100
34920679,9:42:0:679,48.105,100
34920679,9:42:0:679,48.105,100
34920680,9:42:0:680,48.105,100
34920681,9:42:0:681,48.105,100
34920729,9:42:0:729,48.09,100
34921606,9:42:1:606,48.1,100
34921612,9:42:1:612,48.1,100
34921612,9:42:1:612,48.1,100
34922370,9:42:2:370,48.09,100
34922370,9:42:2:370,48.09,100
34922370,9:42:2:370,48.09,100
34922370,9:42:2:370,48.09,100
34922370,9:42:2:370,48.09,100
34922370,9:42:2:370,48.09,39
34922370,9:42:2:370,48.09,100
34922371,9:42:2:371,48.09,100
34922371,9:42:2:371,48.09,800
34922371,9:42:2:371,48.09,100
34922371,9:42:2:371,48.09,100
34922371,9:42:2:371,48.09,100
34922375,9:42:2:375,48.09,100
34922379,9:42:2:379,48.09,200
34922383,9:42:2:383,48.08,100
34922617,9:42:2:617,48.05,100
34922622,9:42:2:622,48.05,1000
34923193,9:42:3:193,48.06,44
34923194,9:42:3:194,48.05,156
34923194,9:42:3:194,48.05,44
34923196,9:42:3:196,48.04,34
34923196,9:42:3:196,48.04,800
34923196,9:42:3:196,48.04,100
34923196,9:42:3:196,48.04,100
34923197,9:42:3:197,48.05,100
34923205,9:42:3:205,48.06,100
34924027,9:42:4:27,48.03,100
34924034,9:42:4:34,48.03,100
34924630,9:42:4:630,48.03,200
34924631,9:42:4:631,48.03,100
34933199,9:42:13:199,48.04,1
34933199,9:42:13:199,48.04,100
34933200,9:42:13:200,48.05,2
34933898,9:42:13:898,48.02,100
34935351,9:42:15:351,48.04,100
34935353,9:42:15:353,48.05,200
34935353,9:42:15:353,48.05,100
34935359,9:42:15:359,48.05,200
34935474,9:42:15:474,48.06,200
34935548,9:42:15:548,48.03,100
34942836,9:42:22:836,48.03,50
34942836,9:42:22:836,48.03,150
34942836,9:42:22:836,48.03,100
34942850,9:42:22:850,48.04,200
34942910,9:42:22:910,48.03,100
34942968,9:42:22:968,48.04,100
34946589,9:42:26:589,48.03,100
34953585,9:42:33:585,48.03,100
34953805,9:42:33:805,48.03,100
34954976,9:42:34:976,48.03,200
34956418,9:42:36:418,48.04,100
34956418,9:42:36:418,48.04,100
34956418,9:42:36:418,48.04,164
34956418,9:42:36:418,48.04,100
34956418,9:42:36:418,48.04,200
34956418,9:42:36:418,48.04,200
34956418,9:42:36:418,48.04,100
34956418,9:42:36:418,48.04,100
34956418,9:42:36:418,48.04,99
34956418,9:42:36:418,48.04,100
34956418,9:42:36:418,48.04,100
34956419,9:42:36:419,48.04,100
34956424,9:42:36:424,48.04,1
34956424,9:42:36:424,48.04,200
34956424,9:42:36:424,48.05,200
34956424,9:42:36:424,48.05,100
34956425,9:42:36:425,48.05,100
34956425,9:42:36:425,48.05,100
34956426,9:42:36:426,48.05,100
34956521,9:42:36:521,48.035,200
34960008,9:42:40:8,48.05,100
34960008,9:42:40:8,48.05,100
34960117,9:42:40:117,48.05,100
34963243,9:42:43:243,48.05,100
34976977,9:42:56:977,48.045,100
34979975,9:42:59:975,48.03,50
34979975,9:42:59:975,48.03,50
34979975,9:42:59:975,48.03,200
34979975,9:42:59:975,48.04,100
34979976,9:42:59:976,48.03,100
34980048,9:43:0:48,48.04,100
34980500,9:43:0:500,48.03,100
34982942,9:43:2:942,48.03,100
34983241,9:43:3:241,48.0245,257
34983780,9:43:3:780,48.02,100
34983780,9:43:3:780,48.02,100
34983780,9:43:3:780,48.02,100
34983781,9:43:3:781,48.02,100
34983796,9:43:3:796,47.99,430
34983801,9:43:3:801,48,70
34983802,9:43:3:802,47.991,500
34983802,9:43:3:802,47.991,51
34983807,9:43:3:807,47.99,430
34983807,9:43:3:807,47.99,100
34983808,9:43:3:808,47.99,100
34983808,9:43:3:808,47.99,100
34983808,9:43:3:808,47.99,600
34983808,9:43:3:808,47.99,170
34983808,9:43:3:808,47.99,100
34983809,9:43:3:809,47.99,100
34984616,9:43:4:616,47.98,200
34984616,9:43:4:616,47.98,100
34984619,9:43:4:619,47.98,100
34984868,9:43:4:868,47.98,200
34984868,9:43:4:868,47.98,100
34984868,9:43:4:868,47.98,200
34986488,9:43:6:488,47.99,24
34986488,9:43:6:488,47.99,76
34987672,9:43:7:672,47.98,1134
34987672,9:43:7:672,47.98,100
34987675,9:43:7:675,47.98,100
34987678,9:43:7:678,47.99,100
34987679,9:43:7:679,47.98,100
34987679,9:43:7:679,47.98,10
34987681,9:43:7:681,47.98,100
34987681,9:43:7:681,47.98,100
34987837,9:43:7:837,47.99,100
34989009,9:43:9:9,47.97,100
34993809,9:43:13:809,47.99,5
34993809,9:43:13:809,47.99,100
34993809,9:43:13:809,47.99,200
34993830,9:43:13:830,47.99,100
34994118,9:43:14:118,47.98,100
34994676,9:43:14:676,47.99,1
34994678,9:43:14:678,47.99,100
34994678,9:43:14:678,47.99,99
34994678,9:43:14:678,47.99,1
34994678,9:43:14:678,47.99,100
34994699,9:43:14:699,48,100
34994700,9:43:14:700,48,44
34994700,9:43:14:700,48,56
34994700,9:43:14:700,48,100
34994700,9:43:14:700,48,100
34994700,9:43:14:700,48,135
34994701,9:43:14:701,48.01,100
34994701,9:43:14:701,48.01,100
34994702,9:43:14:702,48.01,84
34994702,9:43:14:702,48.01,116
34994708,9:43:14:708,48.03,100
34995297,9:43:15:297,48,1000
34995298,9:43:15:298,48,500
34995301,9:43:15:301,48,300
34995304,9:43:15:304,48.04,100
34995305,9:43:15:305,48.04,100
34995328,9:43:15:328,48.04,100
34995329,9:43:15:329,48.04,29
34995329,9:43:15:329,48.04,44
34996632,9:43:16:632,48.03,100
35002039,9:43:22:39,48.03,100
35002039,9:43:22:39,48.03,400
35002039,9:43:22:39,48.03,100
35002045,9:43:22:45,48.02,100
35002783,9:43:22:783,48.04,32
35010895,9:43:30:895,48.0301,21
35010900,9:43:30:900,48.03,21
35012108,9:43:32:108,48.031,100
35017453,9:43:37:453,48.0345,300
35020584,9:43:40:584,48.039,209
35023501,9:43:43:501,48.04,100
35023504,9:43:43:504,48.03,100
35023505,9:43:43:505,48.03,100
35023505,9:43:43:505,48.03,52
35023505,9:43:43:505,48.03,48
35023508,9:43:43:508,48.03,156
35023510,9:43:43:510,48.04,100
35023510,9:43:43:510,48.04,100
35024014,9:43:44:14,48.03,200
35024020,9:43:44:20,48.02,200
35024026,9:43:44:26,48.03,100
35034411,9:43:54:411,48.03,85
35034411,9:43:54:411,48.03,300
35034412,9:43:54:412,48.03,15
35034425,9:43:54:425,48.01,100
35055310,9:44:15:310,48.02,1
35063298,9:44:23:298,48.02,100
35064076,9:44:24:76,48.01,100
35064076,9:44:24:76,48.01,52
35064076,9:44:24:76,48.01,100
35064076,9:44:24:76,48.02,100
35064077,9:44:24:77,48.01,100
35064077,9:44:24:77,48.01,100
35064135,9:44:24:135,48.01,100
35064203,9:44:24:203,48.01,100
35064822,9:44:24:822,47.99,100
35064957,9:44:24:957,47.97,400
35067689,9:44:27:689,47.96,100
35067689,9:44:27:689,47.98,100
35067735,9:44:27:735,47.96,100
35067756,9:44:27:756,47.96,42
35067756,9:44:27:756,47.96,58
35067759,9:44:27:759,47.95,100
35067759,9:44:27:759,47.95,100
35067760,9:44:27:760,47.95,100
35067760,9:44:27:760,47.95,100
35067816,9:44:27:816,47.94,100
35067824,9:44:27:824,47.94,100
35067824,9:44:27:824,47.94,100
35067838,9:44:27:838,47.96,56
35068032,9:44:28:32,47.94,44
35068035,9:44:28:35,47.95,100
35068424,9:44:28:424,47.95,5
35068670,9:44:28:670,47.93,100
35068826,9:44:28:826,47.935,100
35069654,9:44:29:654,47.92,116
35069654,9:44:29:654,47.92,568
35069654,9:44:29:654,47.92,16
35069654,9:44:29:654,47.92,100
35069671,9:44:29:671,47.94,100
35070421,9:44:30:421,47.88,100
35070434,9:44:30:434,47.881,300
35070845,9:44:30:845,47.88,100
35071222,9:44:31:222,47.88,100
35072085,9:44:32:85,47.915,100
35072085,9:44:32:85,47.88,100
35072085,9:44:32:85,47.88,100
35072085,9:44:32:85,47.88,100
35072086,9:44:32:86,47.87,100
35072086,9:44:32:86,47.88,3
35072086,9:44:32:86,47.87,97
35072088,9:44:32:88,47.88,100
35072088,9:44:32:88,47.895,100
35072088,9:44:32:88,47.87,100
35072089,9:44:32:89,47.86,100
35072089,9:44:32:89,47.87,3
35072089,9:44:32:89,47.86,182
35072118,9:44:32:118,47.85,2600
35072139,9:44:32:139,47.9,19
35072139,9:44:32:139,47.91,81
35072821,9:44:32:821,47.87,100
35072835,9:44:32:835,47.86,82
35072835,9:44:32:835,47.86,18
35072835,9:44:32:835,47.885,100
35072839,9:44:32:839,47.86,100
35072851,9:44:32:851,47.86,100
35072851,9:44:32:851,47.88,100
35073626,9:44:33:626,47.885,100
35073873,9:44:33:873,47.86,100
35075531,9:44:35:531,47.9,100
35075532,9:44:35:532,47.91,100
35075532,9:44:35:532,47.91,100
35075532,9:44:35:532,47.91,100
35075532,9:44:35:532,47.91,100
35075532,9:44:35:532,47.91,100
35075532,9:44:35:532,47.91,100
35075533,9:44:35:533,47.92,37
35075533,9:44:35:533,47.92,250
35076029,9:44:36:29,47.93,100
35076647,9:44:36:647,47.935,100
35076647,9:44:36:647,47.93,18
35076647,9:44:36:647,47.93,82
35076647,9:44:36:647,47.94,100
35076647,9:44:36:647,47.93,16
35076647,9:44:36:647,47.94,99
35076647,9:44:36:647,47.94,100
35076647,9:44:36:647,47.94,100
35076651,9:44:36:651,47.94,1
35076829,9:44:36:829,47.94,100
35076984,9:44:36:984,47.95,50
35076984,9:44:36:984,47.95,150
35076984,9:44:36:984,47.95,100
35076984,9:44:36:984,47.95,100
35076984,9:44:36:984,47.95,100
35076985,9:44:36:985,47.95,100
35076985,9:44:36:985,47.95,84
35076985,9:44:36:985,47.95,15
35076985,9:44:36:985,47.95,70
35076985,9:44:36:985,47.95,30
35076985,9:44:36:985,47.95,3
35076985,9:44:36:985,47.95,100
35076987,9:44:36:987,47.95,100
35077004,9:44:37:4,47.955,100
35077621,9:44:37:621,47.95,100
35077622,9:44:37:622,47.95,100
35078401,9:44:38:401,47.965,100
35079028,9:44:39:28,47.95,100
35087125,9:44:47:125,47.921,100
35103266,9:45:3:266,47.92,100
35107463,9:45:7:463,47.93,26
35107838,9:45:7:838,47.92,100
35108508,9:45:8:508,47.92,100
35108509,9:45:8:509,47.93,74
35108515,9:45:8:515,47.92,100
35108627,9:45:8:627,47.92,100
35108885,9:45:8:885,47.93,100
35108885,9:45:8:885,47.93,200
35108885,9:45:8:885,47.93,100
35108885,9:45:8:885,47.93,37
35108886,9:45:8:886,47.93,100
35108892,9:45:8:892,47.94,100
35109479,9:45:9:479,47.92,100
35110563,9:45:10:563,47.93,32
35110563,9:45:10:563,47.93,68
35110569,9:45:10:569,47.9289,723
35110570,9:45:10:570,47.93,32
35110580,9:45:10:580,47.921,100
35110580,9:45:10:580,47.921,300
35110580,9:45:10:580,47.921,600
35110584,9:45:10:584,47.921,959
35110767,9:45:10:767,47.94,100
35110932,9:45:10:932,47.94,100
35111117,9:45:11:117,47.93,200
35111120,9:45:11:120,47.93,100
35111120,9:45:11:120,47.93,100
35111128,9:45:11:128,47.94,100
35117606,9:45:17:606,47.93,100
35117606,9:45:17:606,47.93,194
35117606,9:45:17:606,47.93,55
35117606,9:45:17:606,47.93,95
35117606,9:45:17:606,47.93,1
35117606,9:45:17:606,47.935,100
35117606,9:45:17:606,47.93,145
35117606,9:45:17:606,47.93,22
35117607,9:45:17:607,47.93,78
35117607,9:45:17:607,47.93,100
35117608,9:45:17:608,47.93,100
35117611,9:45:17:611,47.93,100
35117658,9:45:17:658,47.93,100
35118095,9:45:18:95,47.93,100
35118476,9:45:18:476,47.93,100
35119005,9:45:19:5,47.93,100
35119007,9:45:19:7,47.9214,100
35119009,9:45:19:9,47.9211,12
35119366,9:45:19:366,47.93,74
35124351,9:45:24:351,47.93,100
35124351,9:45:24:351,47.93,100
35124351,9:45:24:351,47.93,13
35124351,9:45:24:351,47.93,63
35124351,9:45:24:351,47.93,87
35124351,9:45:24:351,47.93,300
35124351,9:45:24:351,47.93,37
35124351,9:45:24:351,47.93,100
35124351,9:45:24:351,47.93,74
35124351,9:45:24:351,47.93,26
35124351,9:45:24:351,47.93,100
35124351,9:45:24:351,47.93,100
35124353,9:45:24:353,47.94,100
35124353,9:45:24:353,47.94,100
35124353,9:45:24:353,47.94,100
35124353,9:45:24:353,47.94,100
35124353,9:45:24:353,47.94,100
35124354,9:45:24:354,47.95,100
35124354,9:45:24:354,47.95,100
35124355,9:45:24:355,47.93,100
35129569,9:45:29:569,47.93,100
35129860,9:45:29:860,47.93,100
35141579,9:45:41:579,47.94,100
35141864,9:45:41:864,47.94,100
35142102,9:45:42:102,47.95,100
35142102,9:45:42:102,47.95,8
35142115,9:45:42:115,47.95,358
35142115,9:45:42:115,47.95,150
35142115,9:45:42:115,47.95,82
35142116,9:45:42:116,47.95,292
35142210,9:45:42:210,47.94,100
35142217,9:45:42:217,47.95,100
35142253,9:45:42:253,47.95,100
35142254,9:45:42:254,47.96,100
35160005,9:46:0:5,47.98,200
35160005,9:46:0:5,47.98,100
35160005,9:46:0:5,47.98,7
35160005,9:46:0:5,47.98,100
35160011,9:46:0:11,47.99,100
35160025,9:46:0:25,48,100
35160031,9:46:0:31,48,100
35160035,9:46:0:35,48,100
35163292,9:46:3:292,48.01,300
35166604,9:46:6:604,48.01,76
35166604,9:46:6:604,48.01,124
35170777,9:46:10:777,48.02,100
35174343,9:46:14:343,48.03,100
35174343,9:46:14:343,48.03,100
35179724,9:46:19:724,48.0445,200
35179725,9:46:19:725,48.04,200
35179725,9:46:19:725,48.045,100
35179725,9:46:19:725,48.04,100
35179725,9:46:19:725,48.04,100
35179725,9:46:19:725,48.04,100
35179725,9:46:19:725,48.04,100
35179725,9:46:19:725,48.04,100
35179725,9:46:19:725,48.04,97
35197650,9:46:37:650,48.05,100
35199760,9:46:39:760,48.04,347
35206083,9:46:46:83,48.04,200
35206084,9:46:46:84,48.04,147
35206084,9:46:46:84,48.045,100
35206084,9:46:46:84,48.04,35
35206084,9:46:46:84,48.04,265
35206084,9:46:46:84,48.04,200
35206084,9:46:46:84,48.04,400
35206084,9:46:46:84,48.04,33
35206084,9:46:46:84,48.04,67
35206085,9:46:46:85,48.03,100
35206092,9:46:46:92,48.035,100
35206122,9:46:46:122,48.035,100
35206130,9:46:46:130,48.03,100
35206953,9:46:46:953,48.03,100
35209580,9:46:49:580,48.03,50
35209580,9:46:49:580,48.03,150
35209580,9:46:49:580,48.035,100
35209581,9:46:49:581,48.03,50
35209581,9:46:49:581,48.03,50
35209987,9:46:49:987,48.03,100
35219021,9:46:59:21,48.03,56
35220062,9:47:0:62,48.03,2
35229755,9:47:9:755,48.035,1
35229755,9:47:9:755,48.03,99
35229755,9:47:9:755,48.03,76
35229755,9:47:9:755,48.03,67
35229755,9:47:9:755,48.03,57
35229755,9:47:9:755,48.03,1
35229881,9:47:9:881,48.02,100
35237654,9:47:17:654,48.03,100
35237654,9:47:17:654,48.03,100
35237654,9:47:17:654,48.03,100
35237656,9:47:17:656,48.03,100
35246419,9:47:26:419,48.03,200
35246419,9:47:26:419,48.035,100
35246419,9:47:26:419,48.03,100
35246419,9:47:26:419,48.03,32
35246419,9:47:26:419,48.03,68
35246420,9:47:26:420,48.02,100
35246427,9:47:26:427,48.03,100
35246538,9:47:26:538,48.03,100
35247113,9:47:27:113,48.02,100
35252952,9:47:32:952,48.0107,199
35253657,9:47:33:657,48.01,100
35253658,9:47:33:658,48.01,100
35253658,9:47:33:658,48.01,100
35253658,9:47:33:658,48.01,100
35259893,9:47:39:893,47.99,87
35259894,9:47:39:894,47.99,100
35263068,9:47:43:68,47.99,200
35263571,9:47:43:571,47.98,100
35265780,9:47:45:780,47.99,100
35265780,9:47:45:780,47.99,100
35265780,9:47:45:780,47.99,100
35265784,9:47:45:784,48,200
35265784,9:47:45:784,48,10
35265784,9:47:45:784,48,10
35265784,9:47:45:784,48,100
35265785,9:47:45:785,48,100
35265785,9:47:45:785,48,100
35265786,9:47:45:786,48,180
35265786,9:47:45:786,48,100
35265786,9:47:45:786,48,100
35267274,9:47:47:274,48.02,100
35272850,9:47:52:850,48.03,100
35272853,9:47:52:853,48.035,100
35279565,9:47:59:565,48.03,100
35279567,9:47:59:567,48.02,100
35280716,9:48:0:716,48.02,100
35280716,9:48:0:716,48.02,100
35280716,9:48:0:716,48.02,100
35280718,9:48:0:718,48.01,100
35280760,9:48:0:760,48.02,100
35287846,9:48:7:846,48.005,13
35290145,9:48:10:145,48,100
35290145,9:48:10:145,48,100
35290145,9:48:10:145,48,100
35290145,9:48:10:145,48,50
35290145,9:48:10:145,48,37
35290145,9:48:10:145,48,200
35290145,9:48:10:145,48,87
35290152,9:48:10:152,48,100
35293758,9:48:13:758,47.99,100
35293761,9:48:13:761,47.99,100
35293762,9:48:13:762,47.99,100
35293763,9:48:13:763,47.99,100
35293763,9:48:13:763,47.99,200
35293763,9:48:13:763,47.99,100
35293767,9:48:13:767,47.99,100
35293768,9:48:13:768,48,100
35293768,9:48:13:768,48,100
35293768,9:48:13:768,48,100
35293770,9:48:13:770,47.99,100
35293770,9:48:13:770,47.99,200
35293771,9:48:13:771,48,100
35293771,9:48:13:771,48,100
35293772,9:48:13:772,48,100
35293772,9:48:13:772,48,300
35293772,9:48:13:772,48,100
35293772,9:48:13:772,48,100
35293772,9:48:13:772,48,100
35293772,9:48:13:772,48,100
35293774,9:48:13:774,48,100
35293775,9:48:13:775,48.01,100
35293776,9:48:13:776,48,40
35293780,9:48:13:780,48,100
35293791,9:48:13:791,48,100
35293824,9:48:13:824,48,100
35293836,9:48:13:836,48,100
35293984,9:48:13:984,47.99,100
35294034,9:48:14:34,48,100
35315903,9:48:35:903,47.98,1
35315903,9:48:35:903,47.98,80
35315903,9:48:35:903,47.98,80
35315903,9:48:35:903,47.98,79
35316063,9:48:36:63,47.98,100
35316649,9:48:36:649,47.99,100
35316649,9:48:36:649,47.99,200
35316649,9:48:36:649,47.99,100
35316650,9:48:36:650,47.99,100
35316650,9:48:36:650,47.99,100
35316650,9:48:36:650,48,99
35316651,9:48:36:651,48,100
35316652,9:48:36:652,48,1
35316652,9:48:36:652,48,100
35316652,9:48:36:652,48,100
35316652,9:48:36:652,48,199
35316653,9:48:36:653,48,1
35316667,9:48:36:667,48,100
35316668,9:48:36:668,48,80
35320702,9:48:40:702,48,49
35320702,9:48:40:702,48,100
35320702,9:48:40:702,48,100
35321439,9:48:41:439,48.01,100
35325815,9:48:45:815,48.01,200
35325815,9:48:45:815,48,163
35325815,9:48:45:815,48.01,200
35325815,9:48:45:815,48.01,200
35325815,9:48:45:815,48.015,100
35325815,9:48:45:815,48.01,200
35325815,9:48:45:815,48.01,100
35325818,9:48:45:818,48.01,100
35325821,9:48:45:821,48.01,100
35327326,9:48:47:326,48.01,200
35327557,9:48:47:557,48.02,200
35327558,9:48:47:558,48.02,30
35327565,9:48:47:565,48.03,100
35327897,9:48:47:897,48.04,100
35328085,9:48:48:85,48.06,100
35332879,9:48:52:879,48.06,100
35332879,9:48:52:879,48.06,100
35337359,9:48:57:359,48.09,68
35337359,9:48:57:359,48.09,117
35337359,9:48:57:359,48.09,32
35337359,9:48:57:359,48.09,83
35337361,9:48:57:361,48.085,150
35337361,9:48:57:361,48.085,150
35337362,9:48:57:362,48.085,234
35339180,9:48:59:180,48.105,34
35339182,9:48:59:182,48.1,100
35339185,9:48:59:185,48.1,100
35339185,9:48:59:185,48.1,100
35339185,9:48:59:185,48.1,100
35339410,9:48:59:410,48.1,100
35342353,9:49:2:353,48.095,3
35344059,9:49:4:59,48.09,200
35344059,9:49:4:59,48.095,63
35344059,9:49:4:59,48.09,100
35344059,9:49:4:59,48.09,37
35344059,9:49:4:59,48.09,63
35345240,9:49:5:240,48.08,200
35345241,9:49:5:241,48.07,100
35354979,9:49:14:979,48.07,11
35354979,9:49:14:979,48.07,89
35360251,9:49:20:251,48.08,100
35362547,9:49:22:547,48.08,100
35362547,9:49:22:547,48.08,100
35362547,9:49:22:547,48.08,100
35367121,9:49:27:121,48.07,100
35367123,9:49:27:123,48.07,200
35367124,9:49:27:124,48.0739,100
35367124,9:49:27:124,48.0739,200
35367132,9:49:27:132,48.07,100
35367134,9:49:27:134,48.0739,100
35367146,9:49:27:146,48.0701,100
35367154,9:49:27:154,48.0739,100
35367175,9:49:27:175,48.08,100
35367184,9:49:27:184,48.0845,300
35372513,9:49:32:513,48.07,100
35373223,9:49:33:223,48.07,100
35373223,9:49:33:223,48.07,100
35373223,9:49:33:223,48.07,100
35373223,9:49:33:223,48.07,100
35373223,9:49:33:223,48.07,100
35381426,9:49:41:426,48.07,100
35381426,9:49:41:426,48.07,100
35381733,9:49:41:733,48.08,1
35383500,9:49:43:500,48.06,300
35386208,9:49:46:208,48.07,100
35386208,9:49:46:208,48.07,89
35386210,9:49:46:210,48.07,100
35387447,9:49:47:447,48.06,100
35387447,9:49:47:447,48.06,100
35387447,9:49:47:447,48.06,100
35387447,9:49:47:447,48.05,100
35387447,9:49:47:447,48.05,100
35389336,9:49:49:336,48.03,188
35397598,9:49:57:598,48.02,17
35397598,9:49:57:598,48.02,300
35397598,9:49:57:598,48.02,41
35397599,9:49:57:599,48.02,18
35408677,9:50:8:677,48.01,83
35408677,9:50:8:677,48.01,17
35408677,9:50:8:677,48.01,200
35408677,9:50:8:677,48.01,18
35408689,9:50:8:689,48,100
35408689,9:50:8:689,48,100
35408690,9:50:8:690,48,100
35408690,9:50:8:690,48,100
35408690,9:50:8:690,48,100
35408690,9:50:8:690,48,100
35413014,9:50:13:14,48,100
35413015,9:50:13:15,48,100
35417691,9:50:17:691,48.01,100
35417691,9:50:17:691,48.01,24
35417692,9:50:17:692,48.01,76
35417692,9:50:17:692,48.01,100
35417692,9:50:17:692,48.01,24
35417692,9:50:17:692,48.01,100
35417692,9:50:17:692,48.01,100
35417692,9:50:17:692,48.01,100
35417692,9:50:17:692,48.01,37
35417692,9:50:17:692,48.01,169
35417693,9:50:17:693,48.01,63
35417693,9:50:17:693,48.01,100
35417717,9:50:17:717,48.01,100
35429041,9:50:29:41,48,65
35429041,9:50:29:41,48,100
35429041,9:50:29:41,48,85
35429041,9:50:29:41,48,15
35429041,9:50:29:41,48,100
35429041,9:50:29:41,48,100
35429041,9:50:29:41,48,35
35429041,9:50:29:41,48,112
35429041,9:50:29:41,48,53
35429041,9:50:29:41,48,100
35429939,9:50:29:939,47.99,100
35433304,9:50:33:304,47.99,100
35433304,9:50:33:304,47.99,100
35433306,9:50:33:306,48,24
35433616,9:50:33:616,48,76
35433616,9:50:33:616,48,24
35433616,9:50:33:616,48,100
35438845,9:50:38:845,47.99,100
35438845,9:50:38:845,47.99,100
35438845,9:50:38:845,47.99,100
35438845,9:50:38:845,47.99,100
35438848,9:50:38:848,47.98,100
35443960,9:50:43:960,47.98,100
35443960,9:50:43:960,47.98,100
35443961,9:50:43:961,47.98,24
35444581,9:50:44:581,47.98,39
35448421,9:50:48:421,47.96,100
35448422,9:50:48:422,47.96,100
35451280,9:50:51:280,47.97,100
35451280,9:50:51:280,47.97,100
35451282,9:50:51:282,47.975,100
35451294,9:50:51:294,47.98,100
35471676,9:51:11:676,47.99,58
35471677,9:51:11:677,47.99,16
35472250,9:51:12:250,47.99,100
35487045,9:51:27:45,47.99,5
35487682,9:51:27:682,47.98,100
35487682,9:51:27:682,47.98,100
35487682,9:51:27:682,47.98,10
35487682,9:51:27:682,47.98,18
35487682,9:51:27:682,47.98,100
35487682,9:51:27:682,47.98,72
35487682,9:51:27:682,47.98,28
35495406,9:51:35:406,47.97,100
35495407,9:51:35:407,47.97,100
35495407,9:51:35:407,47.97,100
35495407,9:51:35:407,47.97,100
35495407,9:51:35:407,47.97,200
35495416,9:51:35:416,47.96,100
35495416,9:51:35:416,47.96,300
35495544,9:51:35:544,47.96,100
35499343,9:51:39:343,47.96,100
35504280,9:51:44:280,47.96,100
35504280,9:51:44:280,47.96,100
35505618,9:51:45:618,47.97,100
35505618,9:51:45:618,47.97,100
35505618,9:51:45:618,47.97,100
35505619,9:51:45:619,47.97,100
35505619,9:51:45:619,47.97,100
35505619,9:51:45:619,47.97,100
35517574,9:51:57:574,47.98,50
35517574,9:51:57:574,47.98,50
35517574,9:51:57:574,47.98,100
35517574,9:51:57:574,47.98,100
35517574,9:51:57:574,47.98,100
35517574,9:51:57:574,47.98,100
35519674,9:51:59:674,47.985,966
35519674,9:51:59:674,47.99,34
35522848,9:52:2:848,47.99,100
35522849,9:52:2:849,47.99,100
35522849,9:52:2:849,47.99,100
35541571,9:52:21:571,47.99,27
35541571,9:52:21:571,47.99,73
35542865,9:52:22:865,48,20
35542866,9:52:22:866,48,20
35542866,9:52:22:866,48,8
35542866,9:52:22:866,48,70
35542866,9:52:22:866,48,308
35542867,9:52:22:867,48,100
35542867,9:52:22:867,48,8
35542867,9:52:22:867,48,100
35542867,9:52:22:867,48,100
35542867,9:52:22:867,48,100
35542868,9:52:22:868,48,100
35542868,9:52:22:868,48,100
35542868,9:52:22:868,48,100
35542868,9:52:22:868,48,100
35542868,9:52:22:868,48,100
35542868,9:52:22:868,48,100
35542868,9:52:22:868,48,100
35542870,9:52:22:870,48,100
35542870,9:52:22:870,48,8
35542880,9:52:22:880,48,100
35542880,9:52:22:880,48,100
35542880,9:52:22:880,48,300
35542880,9:52:22:880,48,900
35542884,9:52:22:884,48,100
35542892,9:52:22:892,48,100
35545444,9:52:25:444,47.995,100
35545451,9:52:25:451,47.99,27
35564197,9:52:44:197,48,100
35564197,9:52:44:197,48,100
35564197,9:52:44:197,48,200
35564197,9:52:44:197,48,100
35564197,9:52:44:197,48,100
35564197,9:52:44:197,48,200
35564197,9:52:44:197,48,100
35564197,9:52:44:197,48,100
35564197,9:52:44:197,48,100
35564197,9:52:44:197,48,100
35564197,9:52:44:197,48,1
35564197,9:52:44:197,48,100
35564197,9:52:44:197,48,200
35564205,9:52:44:205,48,200
35564208,9:52:44:208,48,200
35564270,9:52:44:270,47.995,100
35564280,9:52:44:280,47.995,200
35564281,9:52:44:281,47.995,200
35565542,9:52:45:542,48,100
35565748,9:52:45:748,48,100
35566153,9:52:46:153,48,100
35566154,9:52:46:154,48,100
35566154,9:52:46:154,48,100
35566154,9:52:46:154,48,100
35566154,9:52:46:154,48,100
35566154,9:52:46:154,48,100
35566154,9:52:46:154,48,200
35566155,9:52:46:155,48,100
35566155,9:52:46:155,48,10
35566155,9:52:46:155,48,90
35566157,9:52:46:157,48,100
35566200,9:52:46:200,48,100
35566201,9:52:46:201,48,100
35566201,9:52:46:201,48,100
35566201,9:52:46:201,47.995,100
35566201,9:52:46:201,48,100
35568052,9:52:48:52,48,100
35568052,9:52:48:52,48,36
35568052,9:52:48:52,48,100
35568053,9:52:48:53,48,100
35568053,9:52:48:53,47.995,100
35568053,9:52:48:53,48,100
35568053,9:52:48:53,48,100
35568053,9:52:48:53,47.995,100
35568053,9:52:48:53,48,100
35568053,9:52:48:53,47.995,100
35568058,9:52:48:58,48,100
35568059,9:52:48:59,48,8
35568059,9:52:48:59,48,71
35568064,9:52:48:64,48,29
35568064,9:52:48:64,48,77
35568064,9:52:48:64,48,23
35568064,9:52:48:64,48,100
35568064,9:52:48:64,48,100
35568064,9:52:48:64,48,100
35568569,9:52:48:569,47.99,300
35568569,9:52:48:569,47.99,300
35568570,9:52:48:570,47.99,100
35568570,9:52:48:570,47.99,100
35568570,9:52:48:570,47.99,100
35568570,9:52:48:570,47.98,100
35568623,9:52:48:623,47.98,73
35569869,9:52:49:869,47.97,100
35570738,9:52:50:738,47.99,20
35577905,9:52:57:905,47.98,235
35577905,9:52:57:905,47.98,100
35577906,9:52:57:906,47.98,100
35577906,9:52:57:906,47.98,300
35577908,9:52:57:908,47.98,100
35577911,9:52:57:911,47.98,100
35583393,9:53:3:393,47.99,200
35585546,9:53:5:546,47.98,100
35585546,9:53:5:546,47.98,100
35585546,9:53:5:546,47.98,300
35585546,9:53:5:546,47.98,100
35585547,9:53:5:547,47.98,100
35588850,9:53:8:850,47.99,99
35590222,9:53:10:222,47.99,100
35590222,9:53:10:222,47.99,1
35590223,9:53:10:223,47.99,100
35590223,9:53:10:223,47.99,100
35590226,9:53:10:226,48,100
35590226,9:53:10:226,48,100
35590226,9:53:10:226,48,100
35590226,9:53:10:226,48,50
35590227,9:53:10:227,48,50
35590227,9:53:10:227,48,100
35590227,9:53:10:227,48,100
35590227,9:53:10:227,48,100
35590227,9:53:10:227,48,100
35596675,9:53:16:675,47.995,100
35596749,9:53:16:749,48,100
35596749,9:53:16:749,48,100
35596750,9:53:16:750,48,100
35596750,9:53:16:750,48,100
35596752,9:53:16:752,48,100
35596763,9:53:16:763,48,1300
35596763,9:53:16:763,48,100
35596764,9:53:16:764,48,300
35596765,9:53:16:765,48,100
35602988,9:53:22:988,48,100
35603882,9:53:23:882,48,20
35610812,9:53:30:812,47.99,100
35610812,9:53:30:812,47.99,49
35610813,9:53:30:813,47.99,50
35610813,9:53:30:813,47.99,100
35610813,9:53:30:813,47.99,200
35610813,9:53:30:813,47.99,101
35612652,9:53:32:652,47.98,294
35612652,9:53:32:652,47.98,126
35612652,9:53:32:652,47.98,6
35612652,9:53:32:652,47.98,24
35612652,9:53:32:652,47.98,100
35618202,9:53:38:202,47.97,74
35622407,9:53:42:407,47.97,166
35622407,9:53:42:407,47.97,44
35622407,9:53:42:407,47.97,26
35622407,9:53:42:407,47.97,80
35624175,9:53:44:175,47.96,117
35624175,9:53:44:175,47.96,83
35624175,9:53:44:175,47.96,70
35624175,9:53:44:175,47.96,30
35624176,9:53:44:176,47.955,200
35624176,9:53:44:176,47.96,12
35624176,9:53:44:176,47.96,100
35624176,9:53:44:176,47.96,200
35624177,9:53:44:177,47.96,88
35624177,9:53:44:177,47.96,100
35624183,9:53:44:183,47.955,100
35629050,9:53:49:50,47.965,100
35629050,9:53:49:50,47.965,100
35629050,9:53:49:50,47.965,100
35636456,9:53:56:456,47.965,100
35640090,9:54:0:90,47.965,100
35640485,9:54:0:485,47.965,100
35644001,9:54:4:1,47.965,100
35648299,9:54:8:299,47.96,100
35648299,9:54:8:299,47.96,34
35648299,9:54:8:299,47.96,66
35648299,9:54:8:299,47.96,100
35648299,9:54:8:299,47.96,84
35648299,9:54:8:299,47.96,16
35648299,9:54:8:299,47.96,100
35648299,9:54:8:299,47.96,100
35648299,9:54:8:299,47.96,100
35648299,9:54:8:299,47.96,100
35648300,9:54:8:300,47.96,100
35648300,9:54:8:300,47.96,100
35648300,9:54:8:300,47.96,100
35648300,9:54:8:300,47.96,100
35648319,9:54:8:319,47.955,100
35648319,9:54:8:319,47.955,100
35651279,9:54:11:279,47.95,300
35651279,9:54:11:279,47.95,100
35651279,9:54:11:279,47.95,100
35651279,9:54:11:279,47.95,3
35651279,9:54:11:279,47.95,1
35652191,9:54:12:191,47.94,100
35655654,9:54:15:654,47.94,100
35655707,9:54:15:707,47.94,51
35655707,9:54:15:707,47.94,2
35657294,9:54:17:294,47.93,16
35657294,9:54:17:294,47.93,100
35657294,9:54:17:294,47.93,84
35657294,9:54:17:294,47.93,16
35657294,9:54:17:294,47.93,84
35657294,9:54:17:294,47.93,16
35657370,9:54:17:370,47.9201,339
35659335,9:54:19:335,47.92,100
35659335,9:54:19:335,47.92,100
35659335,9:54:19:335,47.92,100
35659335,9:54:19:335,47.92,47
35659335,9:54:19:335,47.92,53
35659335,9:54:19:335,47.92,47
35659836,9:54:19:836,47.91,100
35659836,9:54:19:836,47.91,100
35660336,9:54:20:336,47.91,22
35660336,9:54:20:336,47.91,78
35660418,9:54:20:418,47.91,100
35660917,9:54:20:917,47.91,100
35660917,9:54:20:917,47.91,100
35663743,9:54:23:743,47.92,49
35665636,9:54:25:636,47.91,100
35667613,9:54:27:613,47.9,100
35667613,9:54:27:613,47.9,700
35668142,9:54:28:142,47.9,100
35668184,9:54:28:184,47.9,100
35668184,9:54:28:184,47.9,92
35668184,9:54:28:184,47.9,100
35672117,9:54:32:117,47.89,20
35672117,9:54:32:117,47.89,100
35672117,9:54:32:117,47.89,100
35672117,9:54:32:117,47.89,180
35673238,9:54:33:238,47.885,200
35674223,9:54:34:223,47.89,100
35674223,9:54:34:223,47.89,100
35674223,9:54:34:223,47.89,300
35674224,9:54:34:224,47.89,100
35676912,9:54:36:912,47.9,100
35676916,9:54:36:916,47.9,100
35676916,9:54:36:916,47.9,100
35676916,9:54:36:916,47.9,100
35676916,9:54:36:916,47.9,100
35676917,9:54:36:917,47.91,100
35676917,9:54:36:917,47.91,100
35676918,9:54:36:918,47.91,100
35676920,9:54:36:920,47.9,100
35676922,9:54:36:922,47.895,200
35677287,9:54:37:287,47.92,100
35678279,9:54:38:279,47.92,100
35678810,9:54:38:810,47.925,200
35678903,9:54:38:903,47.92,100
35678969,9:54:38:969,47.93,10
35683513,9:54:43:513,47.92,200
35683514,9:54:43:514,47.92,100
35683514,9:54:43:514,47.92,100
35683514,9:54:43:514,47.92,100
35683514,9:54:43:514,47.92,100
35683514,9:54:43:514,47.92,100
35687406,9:54:47:406,47.915,100
35691596,9:54:51:596,47.915,100
35692824,9:54:52:824,47.915,100
35694074,9:54:54:74,47.915,100
35694074,9:54:54:74,47.915,100
35694600,9:54:54:600,47.915,100
35697744,9:54:57:744,47.915,100
35699083,9:54:59:83,47.91,8
35699083,9:54:59:83,47.91,100
35699083,9:54:59:83,47.91,192
35699083,9:54:59:83,47.91,200
35699083,9:54:59:83,47.91,93
35699083,9:54:59:83,47.91,7
35699083,9:54:59:83,47.91,100
35699083,9:54:59:83,47.91,100
35699088,9:54:59:88,47.91,177
35699088,9:54:59:88,47.905,100
35699089,9:54:59:89,47.905,100
35699104,9:54:59:104,47.905,100
35699135,9:54:59:135,47.91,100
35701218,9:55:1:218,47.895,100
35702475,9:55:2:475,47.9,100
35702477,9:55:2:477,47.9,247
35704921,9:55:4:921,47.9,100
35707045,9:55:7:45,47.89,1
35707229,9:55:7:229,47.89,99
35707229,9:55:7:229,47.89,3
35707229,9:55:7:229,47.89,100
35709170,9:55:9:170,47.89,100
35709171,9:55:9:171,47.89,100
35709359,9:55:9:359,47.89,100
35710969,9:55:10:969,47.88,100
35710970,9:55:10:970,47.88,300
35710970,9:55:10:970,47.88,100
35710970,9:55:10:970,47.88,100
35710970,9:55:10:970,47.88,200
35710970,9:55:10:970,47.88,100
35710970,9:55:10:970,47.88,600
35710976,9:55:10:976,47.87,100
35710976,9:55:10:976,47.875,100
35710976,9:55:10:976,47.87,100
35710976,9:55:10:976,47.87,100
35710976,9:55:10:976,47.87,63
35710976,9:55:10:976,47.87,100
35710976,9:55:10:976,47.87,100
35710977,9:55:10:977,47.88,100
35710978,9:55:10:978,47.87,100
35710978,9:55:10:978,47.87,200
35710978,9:55:10:978,47.87,100
35710978,9:55:10:978,47.88,100
35710979,9:55:10:979,47.875,27
35710979,9:55:10:979,47.88,1000
35710979,9:55:10:979,47.88,200
35710986,9:55:10:986,47.87,100
35710987,9:55:10:987,47.87,100
35710987,9:55:10:987,47.87,10
35710987,9:55:10:987,47.87,90
35710990,9:55:10:990,47.86,100
35710991,9:55:10:991,47.87,10
35710991,9:55:10:991,47.87,10
35710991,9:55:10:991,47.87,90
35710997,9:55:10:997,47.86,100
35710997,9:55:10:997,47.86,100
35711001,9:55:11:1,47.86,200
35711002,9:55:11:2,47.86,100
35711004,9:55:11:4,47.86,100
35711004,9:55:11:4,47.86,100
35711004,9:55:11:4,47.86,100
35711005,9:55:11:5,47.86,100
35711009,9:55:11:9,47.86,100
35711009,9:55:11:9,47.86,237
35711471,9:55:11:471,47.87,200
35711471,9:55:11:471,47.87,100
35711471,9:55:11:471,47.87,28
35711471,9:55:11:471,47.87,100
35711472,9:55:11:472,47.88,28
35711477,9:55:11:477,47.87,100
35711477,9:55:11:477,47.885,200
35711597,9:55:11:597,47.87,100
35712913,9:55:12:913,47.88,200
35712935,9:55:12:935,47.875,200
35713354,9:55:13:354,47.87,100
35713500,9:55:13:500,47.88,100
35714171,9:55:14:171,47.87,100
35714171,9:55:14:171,47.87,100
35714171,9:55:14:171,47.88,1
35714171,9:55:14:171,47.87,100
35714171,9:55:14:171,47.87,63
35714171,9:55:14:171,47.87,900
35714171,9:55:14:171,47.87,237
35714171,9:55:14:171,47.87,100
35714171,9:55:14:171,47.87,100
35714175,9:55:14:175,47.87,200
35714175,9:55:14:175,47.87,100
35714193,9:55:14:193,47.87,100
35714193,9:55:14:193,47.87,100
35714193,9:55:14:193,47.87,100
35714193,9:55:14:193,47.87,100
35714193,9:55:14:193,47.87,100
35715369,9:55:15:369,47.87,100
35720641,9:55:20:641,47.88,500
35720641,9:55:20:641,47.88,100
35720641,9:55:20:641,47.88,100
35722886,9:55:22:886,47.885,200
35723129,9:55:23:129,47.89,100
35723130,9:55:23:130,47.89,100
35723131,9:55:23:131,47.89,100
35726985,9:55:26:985,47.91,100
35726986,9:55:26:986,47.91,300
35726986,9:55:26:986,47.91,100
35726986,9:55:26:986,47.91,100
35726986,9:55:26:986,47.91,100
35726986,9:55:26:986,47.915,100
35726987,9:55:26:987,47.91,100
35726993,9:55:26:993,47.91,300
35726993,9:55:26:993,47.9,100
35726993,9:55:26:993,47.91,100
35726993,9:55:26:993,47.91,100
35726993,9:55:26:993,47.91,100
35726993,9:55:26:993,47.91,100
35726994,9:55:26:994,47.9,100
35726995,9:55:26:995,47.9,100
35726995,9:55:26:995,47.9,100
35726995,9:55:26:995,47.9,100
35726998,9:55:26:998,47.9,100
35727002,9:55:27:2,47.9,100
35727004,9:55:27:4,47.9,100
35727007,9:55:27:7,47.9,100
35727007,9:55:27:7,47.9,100
35727009,9:55:27:9,47.9,100
35727012,9:55:27:12,47.9,100
35727014,9:55:27:14,47.9,100
35727015,9:55:27:15,47.9,100
35727020,9:55:27:20,47.9,100
35727020,9:55:27:20,47.9,100
35727051,9:55:27:51,47.91,100
35728489,9:55:28:489,47.9,100
35728492,9:55:28:492,47.895,200
35729753,9:55:29:753,47.89,100
35729753,9:55:29:753,47.89,200
35729753,9:55:29:753,47.89,200
35729753,9:55:29:753,47.89,100
35729753,9:55:29:753,47.88,100
35729754,9:55:29:754,47.89,123
35729754,9:55:29:754,47.88,100
35729754,9:55:29:754,47.88,100
35729754,9:55:29:754,47.88,50
35729754,9:55:29:754,47.88,50
35729754,9:55:29:754,47.88,50
35729755,9:55:29:755,47.88,50
35729755,9:55:29:755,47.88,100
35729756,9:55:29:756,47.88,60
35729756,9:55:29:756,47.88,100
35729757,9:55:29:757,47.88,50
35729757,9:55:29:757,47.88,50
35729757,9:55:29:757,47.88,100
35729757,9:55:29:757,47.88,50
35729757,9:55:29:757,47.88,100
35729758,9:55:29:758,47.88,90
35729759,9:55:29:759,47.88,100
35730355,9:55:30:355,47.875,100
35730398,9:55:30:398,47.8775,500
35731590,9:55:31:590,47.88,100
35731590,9:55:31:590,47.875,100
35731591,9:55:31:591,47.875,100
35731591,9:55:31:591,47.88,100
35731591,9:55:31:591,47.88,51
35731591,9:55:31:591,47.88,49
35731592,9:55:31:592,47.88,100
35731643,9:55:31:643,47.88,23
35739180,9:55:39:180,47.89,100
35739182,9:55:39:182,47.885,100
35744055,9:55:44:55,47.89,100
35744055,9:55:44:55,47.89,100
35744055,9:55:44:55,47.89,100
35744055,9:55:44:55,47.89,300
35744055,9:55:44:55,47.89,100
35744070,9:55:44:70,47.89,28
35747864,9:55:47:864,47.9,100
35764176,9:56:4:176,47.9,3
35764177,9:56:4:177,47.9,36
35785015,9:56:25:15,47.895,200
35785016,9:56:25:16,47.895,200
35785410,9:56:25:410,47.89,100
35793109,9:56:33:109,47.9,61
35793111,9:56:33:111,47.9,100
35793111,9:56:33:111,47.91,100
35793111,9:56:33:111,47.91,80
35793111,9:56:33:111,47.91,31
35793111,9:56:33:111,47.9,120
35793111,9:56:33:111,47.9,100
35793111,9:56:33:111,47.9,100
35793112,9:56:33:112,47.9,100
35793112,9:56:33:112,47.9,100
35793113,9:56:33:113,47.9,100
35793113,9:56:33:113,47.91,100
35793113,9:56:33:113,47.91,69
35793113,9:56:33:113,47.91,42
35793113,9:56:33:113,47.91,100
35793115,9:56:33:115,47.895,300
35793119,9:56:33:119,47.9,300
35793223,9:56:33:223,47.895,400
35802903,9:56:42:903,47.91,100
35802903,9:56:42:903,47.91,100
35802903,9:56:42:903,47.91,100
35802903,9:56:42:903,47.91,100
35802904,9:56:42:904,47.9,100
35802956,9:56:42:956,47.9,100
35803083,9:56:43:83,47.91,200
35805217,9:56:45:217,47.91,300
35805217,9:56:45:217,47.91,100
35805374,9:56:45:374,47.91,100
35805376,9:56:45:376,47.91,300
35805376,9:56:45:376,47.91,300
35805560,9:56:45:560,47.91,100
35807041,9:56:47:41,47.9,14700
35807171,9:56:47:171,47.9,200
35807171,9:56:47:171,47.9,200
35807171,9:56:47:171,47.9,200
35807397,9:56:47:397,47.89,100
35811556,9:56:51:556,47.9,1000
35812171,9:56:52:171,47.89,100
35812171,9:56:52:171,47.89,100
35812172,9:56:52:172,47.895,100
35812172,9:56:52:172,47.89,100
35812968,9:56:52:968,47.89,100
35821749,9:57:1:749,47.89,41
35821749,9:57:1:749,47.89,59
35827040,9:57:7:40,47.89,100
35829596,9:57:9:596,47.89,100
35829596,9:57:9:596,47.89,100
35829598,9:57:9:598,47.89,200
35829598,9:57:9:598,47.89,22
35829599,9:57:9:599,47.89,44
35829599,9:57:9:599,47.89,39
35829599,9:57:9:599,47.89,156
35829599,9:57:9:599,47.89,100
35829599,9:57:9:599,47.89,100
35829599,9:57:9:599,47.89,39
35829600,9:57:9:600,47.89,100
35829609,9:57:9:609,47.89,100
35829609,9:57:9:609,47.885,200
35829674,9:57:9:674,47.9,100
35829690,9:57:9:690,47.89,100
35829694,9:57:9:694,47.9,100
35834861,9:57:14:861,47.9,10000
35834863,9:57:14:863,47.9,1300
35834868,9:57:14:868,47.9,100
35834869,9:57:14:869,47.9,100
35836478,9:57:16:478,47.89,98
35836479,9:57:16:479,47.89,100
35836672,9:57:16:672,47.89,300
35837908,9:57:17:908,47.9,100
35842606,9:57:22:606,47.895,100
35842606,9:57:22:606,47.89,100
35842606,9:57:22:606,47.89,100
35842606,9:57:22:606,47.89,200
35842606,9:57:22:606,47.89,100
35842606,9:57:22:606,47.89,100
35842606,9:57:22:606,47.89,100
35842607,9:57:22:607,47.89,100
35842608,9:57:22:608,47.875,100
35845085,9:57:25:85,47.89,100
35845085,9:57:25:85,47.885,100
35845087,9:57:25:87,47.88,100
35845382,9:57:25:382,47.88,100
35845747,9:57:25:747,47.88,100
35846768,9:57:26:768,47.87,100
35847792,9:57:27:792,47.87,100
35858323,9:57:38:323,47.87,200
35871250,9:57:51:250,47.8601,100
35874938,9:57:54:938,47.86,100
35874938,9:57:54:938,47.86,200
35874941,9:57:54:941,47.86,100
35874941,9:57:54:941,47.86,100
35874941,9:57:54:941,47.86,100
35874941,9:57:54:941,47.86,100
35874941,9:57:54:941,47.86,100
35874941,9:57:54:941,47.86,100
35874943,9:57:54:943,47.85,100
35878781,9:57:58:781,47.85,100
35878810,9:57:58:810,47.85,100
35880011,9:58:0:11,47.85,1
35881338,9:58:1:338,47.8501,13
35881340,9:58:1:340,47.85,13
35884395,9:58:4:395,47.86,100
35884396,9:58:4:396,47.86,100
35884396,9:58:4:396,47.86,100
35884396,9:58:4:396,47.86,100
35884396,9:58:4:396,47.855,100
35884396,9:58:4:396,47.86,300
35884396,9:58:4:396,47.86,100
35884396,9:58:4:396,47.86,10
35884396,9:58:4:396,47.86,100
35884397,9:58:4:397,47.855,100
35884398,9:58:4:398,47.87,100
35884398,9:58:4:398,47.855,100
35884399,9:58:4:399,47.86,100
35884400,9:58:4:400,47.85,11
35884402,9:58:4:402,47.87,100
35884402,9:58:4:402,47.87,100
35884405,9:58:4:405,47.87,53
35884405,9:58:4:405,47.87,100
35885480,9:58:5:480,47.87,47
35885481,9:58:5:481,47.87,100
35885481,9:58:5:481,47.8675,100
35885481,9:58:5:481,47.865,100
35885481,9:58:5:481,47.865,100
35885483,9:58:5:483,47.87,100
35885483,9:58:5:483,47.87,100
35885483,9:58:5:483,47.87,100
35885483,9:58:5:483,47.87,100
35885580,9:58:5:580,47.865,100
35885743,9:58:5:743,47.865,100
35886595,9:58:6:595,47.87,100
35886595,9:58:6:595,47.87,100
35886595,9:58:6:595,47.875,100
35886596,9:58:6:596,47.87,100
35888136,9:58:8:136,47.87,100
35888290,9:58:8:290,47.87,100
35888291,9:58:8:291,47.87,100
35888291,9:58:8:291,47.86,1
35888291,9:58:8:291,47.87,100
35888291,9:58:8:291,47.87,100
35888291,9:58:8:291,47.87,100
35888291,9:58:8:291,47.87,100
35888291,9:58:8:291,47.865,100
35888293,9:58:8:293,47.865,100
35888298,9:58:8:298,47.87,100
35888299,9:58:8:299,47.87,100
35888299,9:58:8:299,47.87,100
35888300,9:58:8:300,47.865,100
35888300,9:58:8:300,47.87,100
35888303,9:58:8:303,47.88,99
35897137,9:58:17:137,47.87,100
35897137,9:58:17:137,47.87,100
35897137,9:58:17:137,47.87,100
35903761,9:58:23:761,47.87,100
35905068,9:58:25:68,47.865,100
35905068,9:58:25:68,47.865,100
35906006,9:58:26:6,47.86,24
35906015,9:58:26:15,47.86,100
35907577,9:58:27:577,47.87,100
35907582,9:58:27:582,47.865,200
35929397,9:58:49:397,47.865,200
35934590,9:58:54:590,47.865,100
35941460,9:59:1:460,47.86,100
35944199,9:59:4:199,47.86,46
35944199,9:59:4:199,47.86,146
35944199,9:59:4:199,47.86,54
35944199,9:59:4:199,47.86,150
35944199,9:59:4:199,47.86,104
35944199,9:59:4:199,47.86,14
35944199,9:59:4:199,47.86,26
35946014,9:59:6:14,47.85,100
35946014,9:59:6:14,47.85,100
35949388,9:59:9:388,47.85,100
35949388,9:59:9:388,47.85,100
35949701,9:59:9:701,47.85,100
35955743,9:59:15:743,47.82,100
35955746,9:59:15:746,47.82,100
35955746,9:59:15:746,47.82,63
35955746,9:59:15:746,47.82,100
35955747,9:59:15:747,47.82,100
35955747,9:59:15:747,47.82,100
35955747,9:59:15:747,47.82,100
35955747,9:59:15:747,47.82,200
35955747,9:59:15:747,47.82,100
35955753,9:59:15:753,47.82,300
35955753,9:59:15:753,47.82,1000
35955754,9:59:15:754,47.825,100
35955754,9:59:15:754,47.82,100
35955757,9:59:15:757,47.81,423
35955757,9:59:15:757,47.81,100
35955757,9:59:15:757,47.81,100
35955758,9:59:15:758,47.81,100
35955763,9:59:15:763,47.81,100
35955763,9:59:15:763,47.815,100
35955763,9:59:15:763,47.81,100
35955765,9:59:15:765,47.81,100
35955765,9:59:15:765,47.81,100
35955766,9:59:15:766,47.81,100
35955767,9:59:15:767,47.8,700
35955767,9:59:15:767,47.81,100
35955767,9:59:15:767,47.8,100
35955767,9:59:15:767,47.8,100
35955769,9:59:15:769,47.81,100
35955773,9:59:15:773,47.805,100
35955773,9:59:15:773,47.8,100
35955778,9:59:15:778,47.805,100
35955778,9:59:15:778,47.8,37
35955779,9:59:15:779,47.8,63
35955780,9:59:15:780,47.8,100
35955782,9:59:15:782,47.81,100
35955782,9:59:15:782,47.8,200
35955784,9:59:15:784,47.8,100
35955789,9:59:15:789,47.8,10
35955789,9:59:15:789,47.8,90
35955794,9:59:15:794,47.8,100
35955794,9:59:15:794,47.8,100
35955794,9:59:15:794,47.8,100
35955794,9:59:15:794,47.8,100
35955795,9:59:15:795,47.8,100
35955795,9:59:15:795,47.8,100
35955795,9:59:15:795,47.8,100
35955795,9:59:15:795,47.8,100
35955795,9:59:15:795,47.8,10
35955795,9:59:15:795,47.8,100
35955795,9:59:15:795,47.8,100
35955795,9:59:15:795,47.8,100
35955795,9:59:15:795,47.8,100
35955795,9:59:15:795,47.8,100
35955795,9:59:15:795,47.8,100
35955795,9:59:15:795,47.8,27
35955796,9:59:15:796,47.795,200
35956725,9:59:16:725,47.8,100
35957907,9:59:17:907,47.8,100
35957907,9:59:17:907,47.8,10
35957907,9:59:17:907,47.8,90
35957908,9:59:17:908,47.79,1
35957951,9:59:17:951,47.8,100
35967806,9:59:27:806,47.8,226
35968026,9:59:28:26,47.81,100
35968026,9:59:28:26,47.81,60
35968026,9:59:28:26,47.81,40
35968026,9:59:28:26,47.81,60
35968026,9:59:28:26,47.81,100
35968026,9:59:28:26,47.81,100
35968026,9:59:28:26,47.81,40
35968026,9:59:28:26,47.805,100
35968027,9:59:28:27,47.805,100
35973400,9:59:33:400,47.81,100
35973400,9:59:33:400,47.81,110
35973400,9:59:33:400,47.81,90
35973400,9:59:33:400,47.81,100
35986760,9:59:46:760,47.82,1
35993191,9:59:53:191,47.816,100
35993682,9:59:53:682,47.8,100
35993682,9:59:53:682,47.8,100
35993682,9:59:53:682,47.8,100
35993682,9:59:53:682,47.8,100
35993682,9:59:53:682,47.8,100
35993682,9:59:53:682,47.8,200
35993682,9:59:53:682,47.8,38
35993682,9:59:53:682,47.8,100
35993682,9:59:53:682,47.8,100
35993682,9:59:53:682,47.81,10
35993682,9:59:53:682,47.8,90
35993682,9:59:53:682,47.8,100
35993682,9:59:53:682,47.8,10
35993682,9:59:53:682,47.8,90
35993682,9:59:53:682,47.8,100
35993682,9:59:53:682,47.8,100
35993682,9:59:53:682,47.8,100
35993682,9:59:53:682,47.8,100
35993682,9:59:53:682,47.8,10
35996056,9:59:56:56,47.805,100
35999952,9:59:59:952,47.8,200
35999952,9:59:59:952,47.8,100
35999952,9:59:59:952,47.8,99
35999952,9:59:59:952,47.805,100
35999952,9:59:59:952,47.8,100
36000005,10:0:0:5,47.8,100
36000664,10:0:0:664,47.79,100
36000664,10:0:0:664,47.79,100
36000664,10:0:0:664,47.795,100
36000665,10:0:0:665,47.79,100
36000684,10:0:0:684,47.79,100
36001501,10:0:1:501,47.7901,100
36002704,10:0:2:704,47.795,100
36002704,10:0:2:704,47.795,300
36002704,10:0:2:704,47.795,500
36002705,10:0:2:705,47.795,100
36002706,10:0:2:706,47.8,100
36002707,10:0:2:707,47.8,100
36002707,10:0:2:707,47.8,26
36002707,10:0:2:707,47.795,100
36002707,10:0:2:707,47.8,74
36002711,10:0:2:711,47.795,300
36002711,10:0:2:711,47.8,200
36002711,10:0:2:711,47.8,300
36002711,10:0:2:711,47.8,100
36002712,10:0:2:712,47.8,100
36002770,10:0:2:770,47.81,55
36010399,10:0:10:399,47.8,100
36010399,10:0:10:399,47.8,100
36010399,10:0:10:399,47.8,100
36010399,10:0:10:399,47.8,200
36010399,10:0:10:399,47.805,100
36010399,10:0:10:399,47.8,300
36010399,10:0:10:399,47.8,27
36010399,10:0:10:399,47.8,5
36010399,10:0:10:399,47.8,100
36010400,10:0:10:400,47.8,100
36010400,10:0:10:400,47.8,100
36010400,10:0:10:400,47.8,71
36010400,10:0:10:400,47.8,100
36010400,10:0:10:400,47.8,100
36010400,10:0:10:400,47.8,29
36010400,10:0:10:400,47.8,71
36010400,10:0:10:400,47.8,73
36010403,10:0:10:403,47.8,100
36012589,10:0:12:589,47.81,100
36012589,10:0:12:589,47.81,41
36012589,10:0:12:589,47.81,59
36012589,10:0:12:589,47.805,100
36012589,10:0:12:589,47.81,100
36012589,10:0:12:589,47.81,28
36012589,10:0:12:589,47.81,52
36012589,10:0:12:589,47.81,13
36012589,10:0:12:589,47.81,87
36012590,10:0:12:590,47.81,11
36012590,10:0:12:590,47.81,89
36012590,10:0:12:590,47.81,11
36012590,10:0:12:590,47.81,203
36012591,10:0:12:591,47.81,89
36012591,10:0:12:591,47.81,55
36012592,10:0:12:592,47.81,13
36043874,10:0:43:874,47.8,89
36043874,10:0:43:874,47.8,100
36043874,10:0:43:874,47.8,11
36043874,10:0:43:874,47.8,200
36043874,10:0:43:874,47.8,100
36043874,10:0:43:874,47.8,100
36043874,10:0:43:874,47.8,100
36043874,10:0:43:874,47.8,100
36043874,10:0:43:874,47.8,145
36043874,10:0:43:874,47.8,55
36043874,10:0:43:874,47.8,395
36043874,10:0:43:874,47.805,100
36043874,10:0:43:874,47.8,33
36043874,10:0:43:874,47.8,100
36043874,10:0:43:874,47.8,100
36043874,10:0:43:874,47.8,39
36043874,10:0:43:874,47.8,11
36043874,10:0:43:874,47.8,61
36043874,10:0:43:874,47.8,39
36043874,10:0:43:874,47.8,39
36043874,10:0:43:874,47.8,100
36043874,10:0:43:874,47.8,100
36043875,10:0:43:875,47.8,50
36043875,10:0:43:875,47.8,100
36043875,10:0:43:875,47.8,100
36043875,10:0:43:875,47.8,100
36043875,10:0:43:875,47.8,100
36043875,10:0:43:875,47.8,100
36043875,10:0:43:875,47.8,100
36043879,10:0:43:879,47.805,100
36043882,10:0:43:882,47.805,100
36048124,10:0:48:124,47.81,100
36048124,10:0:48:124,47.81,100
36048124,10:0:48:124,47.81,100
36048124,10:0:48:124,47.81,100
36048125,10:0:48:125,47.81,200
36048128,10:0:48:128,47.82,300
36048128,10:0:48:128,47.82,100
36048129,10:0:48:129,47.82,100
36048129,10:0:48:129,47.82,100
36048129,10:0:48:129,47.82,100
36048129,10:0:48:129,47.82,100
36048129,10:0:48:129,47.82,100
36048129,10:0:48:129,47.82,200
36048129,10:0:48:129,47.82,100
36048129,10:0:48:129,47.82,100
36048129,10:0:48:129,47.82,100
36048144,10:0:48:144,47.805,400
36048145,10:0:48:145,47.81,100
36048145,10:0:48:145,47.81,200
36048145,10:0:48:145,47.81,200
36048145,10:0:48:145,47.81,100
36048173,10:0:48:173,47.825,100
36062624,10:1:2:624,47.83,100
36063077,10:1:3:77,47.825,100
36063077,10:1:3:77,47.825,100
36063099,10:1:3:99,47.825,100
36063099,10:1:3:99,47.825,100
36065029,10:1:5:29,47.83,98
36065805,10:1:5:805,47.83,2
36071683,10:1:11:683,47.82,100
36071683,10:1:11:683,47.82,100
36071683,10:1:11:683,47.82,100
36071683,10:1:11:683,47.82,142
36071683,10:1:11:683,47.82,100
36071683,10:1:11:683,47.82,58
36071683,10:1:11:683,47.825,100
36071683,10:1:11:683,47.82,100
36071688,10:1:11:688,47.815,100
36071690,10:1:11:690,47.82,200
36071790,10:1:11:790,47.82,100
36082334,10:1:22:334,47.815,100
36082339,10:1:22:339,47.81,200
36082339,10:1:22:339,47.81,100
36082340,10:1:22:340,47.805,100
36082340,10:1:22:340,47.81,99
36082345,10:1:22:345,47.805,100
36082345,10:1:22:345,47.81,100
36083056,10:1:23:56,47.81,100
36083056,10:1:23:56,47.81,100
36083057,10:1:23:57,47.81,100
36083057,10:1:23:57,47.805,100
36083057,10:1:23:57,47.805,100
36083057,10:1:23:57,47.8075,100
36083058,10:1:23:58,47.805,100
36083058,10:1:23:58,47.805,100
36083105,10:1:23:105,47.805,1
36083105,10:1:23:105,47.805,99
36083973,10:1:23:973,47.81,100
36083973,10:1:23:973,47.81,100
36083974,10:1:23:974,47.805,100
36083974,10:1:23:974,47.81,100
36083974,10:1:23:974,47.81,100
36083975,10:1:23:975,47.81,5
36083975,10:1:23:975,47.81,95
36083978,10:1:23:978,47.81,100
36083978,10:1:23:978,47.805,100
36096833,10:1:36:833,47.8,100
36096833,10:1:36:833,47.8,5
36096833,10:1:36:833,47.8,100
36096833,10:1:36:833,47.8,100
36096833,10:1:36:833,47.8,100
36096833,10:1:36:833,47.8,6
36096833,10:1:36:833,47.81,100
36096833,10:1:36:833,47.8,7
36096834,10:1:36:834,47.8,39
36096834,10:1:36:834,47.8,93
36096834,10:1:36:834,47.8,7
36096835,10:1:36:835,47.8,100
36096843,10:1:36:843,47.8,100
36097503,10:1:37:503,47.8,100
36102836,10:1:42:836,47.805,100
36111615,10:1:51:615,47.8,100
36111615,10:1:51:615,47.8,100
36111615,10:1:51:615,47.8,96
36111615,10:1:51:615,47.8,4
36111615,10:1:51:615,47.805,100
36111616,10:1:51:616,47.8,100
36115850,10:1:55:850,47.795,100
36115855,10:1:55:855,47.79,100
36115855,10:1:55:855,47.79,100
36115855,10:1:55:855,47.79,1
36115856,10:1:55:856,47.79,100
36115856,10:1:55:856,47.79,100
36116395,10:1:56:395,47.78,100
36121181,10:2:1:181,47.78,100
36121181,10:2:1:181,47.78,100
36121181,10:2:1:181,47.785,4
36121181,10:2:1:181,47.785,4
36121181,10:2:1:181,47.78,92
36121181,10:2:1:181,47.785,8
36121181,10:2:1:181,47.785,8
36121181,10:2:1:181,47.785,8
36121182,10:2:1:182,47.78,4
36121182,10:2:1:182,47.78,4
36122453,10:2:2:453,47.775,76
36122453,10:2:2:453,47.77,24
36122453,10:2:2:453,47.77,76
36122456,10:2:2:456,47.76,100
36122465,10:2:2:465,47.74,100
36122467,10:2:2:467,47.7401,100
36122467,10:2:2:467,47.74,100
36122470,10:2:2:470,47.7401,20
36122471,10:2:2:471,47.74,80
36122471,10:2:2:471,47.75,100
36122479,10:2:2:479,47.74,100
36122479,10:2:2:479,47.76,100
36122488,10:2:2:488,47.743,300
36122490,10:2:2:490,47.75,100
36122492,10:2:2:492,47.743,100
36122511,10:2:2:511,47.743,100
36122513,10:2:2:513,47.74,100
36122520,10:2:2:520,47.74,10
36123299,10:2:3:299,47.74,100
36123480,10:2:3:480,47.74,100
36126592,10:2:6:592,47.7408,100
36126594,10:2:6:594,47.7408,300
36126596,10:2:6:596,47.7408,100
36126597,10:2:6:597,47.7408,100
36131282,10:2:11:282,47.75,3
36131918,10:2:11:918,47.75,32
36131918,10:2:11:918,47.75,68
36140362,10:2:20:362,47.74,100
36140375,10:2:20:375,47.73,153
36142668,10:2:22:668,47.75,5
36142669,10:2:22:669,47.745,92
36142697,10:2:22:697,47.74,8
36142701,10:2:22:701,47.74,92
36142709,10:2:22:709,47.75,5
36143327,10:2:23:327,47.75,5
36146978,10:2:26:978,47.735,100
36149473,10:2:29:473,47.73,100
36149473,10:2:29:473,47.735,108
36149474,10:2:29:474,47.73,100
36149474,10:2:29:474,47.73,100
36149474,10:2:29:474,47.73,100
36149475,10:2:29:475,47.73,26
36149475,10:2:29:475,47.73,74
36149480,10:2:29:480,47.73,100
36149481,10:2:29:481,47.72,100
36149481,10:2:29:481,47.725,100
36149481,10:2:29:481,47.72,100
36149481,10:2:29:481,47.72,10
36149481,10:2:29:481,47.72,100
36149482,10:2:29:482,47.71,100
36149484,10:2:29:484,47.73,200
36149489,10:2:29:489,47.7,100
36149489,10:2:29:489,47.71,100
36149489,10:2:29:489,47.7,100
36149489,10:2:29:489,47.7,100
36149495,10:2:29:495,47.705,100
36149495,10:2:29:495,47.7,100
36149495,10:2:29:495,47.7,100
36149495,10:2:29:495,47.7,100
36149495,10:2:29:495,47.7,100
36149495,10:2:29:495,47.7,100
36149495,10:2:29:495,47.7,100
36149495,10:2:29:495,47.695,100
36149495,10:2:29:495,47.7,100
36149496,10:2:29:496,47.7,100
36149496,10:2:29:496,47.7,10
36149496,10:2:29:496,47.7,10
36149496,10:2:29:496,47.7,100
36149496,10:2:29:496,47.7,10
36149496,10:2:29:496,47.7,100
36149496,10:2:29:496,47.7,100
36149499,10:2:29:499,47.7,300
36149499,10:2:29:499,47.705,100
36149499,10:2:29:499,47.7,10
36149499,10:2:29:499,47.7,90
36149500,10:2:29:500,47.7,100
36149500,10:2:29:500,47.7,100
36149500,10:2:29:500,47.7,100
36149501,10:2:29:501,47.7,100
36149501,10:2:29:501,47.7,100
36149501,10:2:29:501,47.7,100
36149501,10:2:29:501,47.7,100
36149501,10:2:29:501,47.7,100
36149502,10:2:29:502,47.73,100
36149506,10:2:29:506,47.71,10
36149507,10:2:29:507,47.72,100
36149509,10:2:29:509,47.73,100
36149509,10:2:29:509,47.72,100
36149510,10:2:29:510,47.72,100
36149510,10:2:29:510,47.72,100
36149511,10:2:29:511,47.72,100
36149511,10:2:29:511,47.72,100
36149512,10:2:29:512,47.72,100
36149513,10:2:29:513,47.72,100
36149521,10:2:29:521,47.71,100
36149522,10:2:29:522,47.7,100
36149522,10:2:29:522,47.71,10
36149528,10:2:29:528,47.7,100
36149528,10:2:29:528,47.7,10
36149528,10:2:29:528,47.7,90
36149529,10:2:29:529,47.7,10
36149529,10:2:29:529,47.695,200
36149529,10:2:29:529,47.695,200
36149531,10:2:29:531,47.7,20
36149551,10:2:29:551,47.7,70
36149551,10:2:29:551,47.7,10
36149551,10:2:29:551,47.7,20
36149552,10:2:29:552,47.695,200
36149567,10:2:29:567,47.7,80
36149567,10:2:29:567,47.7,20
36149567,10:2:29:567,47.7,50
36149567,10:2:29:567,47.7,50
36149567,10:2:29:567,47.7,50
36149567,10:2:29:567,47.7,32
36149567,10:2:29:567,47.7,68
36149567,10:2:29:567,47.7,32
36149567,10:2:29:567,47.7,18
36149567,10:2:29:567,47.7,50
36149567,10:2:29:567,47.7,32
36149567,10:2:29:567,47.7,100
36149567,10:2:29:567,47.7,68
36149568,10:2:29:568,47.7,200
36149568,10:2:29:568,47.7,100
36149569,10:2:29:569,47.7,28
36150697,10:2:30:697,47.7,72
36150697,10:2:30:697,47.7,100
36150698,10:2:30:698,47.72,100
36150698,10:2:30:698,47.7,22
36150698,10:2:30:698,47.7,78
36150926,10:2:30:926,47.69,100
36151939,10:2:31:939,47.69,100
36152724,10:2:32:724,47.72,5
36154449,10:2:34:449,47.705,100
36154451,10:2:34:451,47.7,150
36154451,10:2:34:451,47.7,1
36155590,10:2:35:590,47.695,100
36156916,10:2:36:916,47.695,100
36158258,10:2:38:258,47.695,100
36164106,10:2:44:106,47.6971,11
36167528,10:2:47:528,47.7,15
36168317,10:2:48:317,47.7,100
36171779,10:2:51:779,47.695,100
36173722,10:2:53:722,47.69,100
36173722,10:2:53:722,47.69,68
36173722,10:2:53:722,47.69,32
36173722,10:2:53:722,47.69,100
36173722,10:2:53:722,47.69,100
36173722,10:2:53:722,47.69,200
36173722,10:2:53:722,47.695,100
36173722,10:2:53:722,47.69,100
36173728,10:2:53:728,47.69,100
36173729,10:2:53:729,47.69,100
36174433,10:2:54:433,47.69,2
36175003,10:2:55:3,47.69,98
36180276,10:3:0:276,47.675,100
36180276,10:3:0:276,47.68,100
36182283,10:3:2:283,47.69,100
36182286,10:3:2:286,47.69,100
36182286,10:3:2:286,47.685,100
36182286,10:3:2:286,47.685,100
36182286,10:3:2:286,47.69,100
36182286,10:3:2:286,47.69,100
36182286,10:3:2:286,47.69,1
36182286,10:3:2:286,47.69,99
36182286,10:3:2:286,47.69,100
36182286,10:3:2:286,47.69,1
36182286,10:3:2:286,47.69,99
36182286,10:3:2:286,47.69,99
36182286,10:3:2:286,47.69,100
36182287,10:3:2:287,47.69,100
36182287,10:3:2:287,47.69,1
36182287,10:3:2:287,47.685,100
36183931,10:3:3:931,47.7,300
36183931,10:3:3:931,47.69,100
36183931,10:3:3:931,47.695,100
36184263,10:3:4:263,47.7,100
36184263,10:3:4:263,47.7,100
36184263,10:3:4:263,47.7,6
36184263,10:3:4:263,47.7,100
36184263,10:3:4:263,47.7,100
36184263,10:3:4:263,47.7,100
36184263,10:3:4:263,47.7,200
36184263,10:3:4:263,47.7,100
36184263,10:3:4:263,47.7,100
36184263,10:3:4:263,47.7,100
36184948,10:3:4:948,47.72,70
36187037,10:3:7:37,47.72,100
36187037,10:3:7:37,47.71,100
36187037,10:3:7:37,47.72,100
36187037,10:3:7:37,47.72,200
36187037,10:3:7:37,47.725,99
36187037,10:3:7:37,47.72,100
36187037,10:3:7:37,47.72,100
36187037,10:3:7:37,47.72,10
36187037,10:3:7:37,47.72,10
36187037,10:3:7:37,47.72,100
36187037,10:3:7:37,47.72,10
36187037,10:3:7:37,47.72,1
36187037,10:3:7:37,47.72,99
36187037,10:3:7:37,47.72,10
36187038,10:3:7:38,47.72,1
36187914,10:3:7:914,47.72,100
36189111,10:3:9:111,47.715,100
36189111,10:3:9:111,47.715,100
36190759,10:3:10:759,47.72,29
36190759,10:3:10:759,47.72,71
36191701,10:3:11:701,47.72,100
36191701,10:3:11:701,47.72,100
36191701,10:3:11:701,47.72,100
36191803,10:3:11:803,47.73,100
36191807,10:3:11:807,47.735,100
36192454,10:3:12:454,47.74,100
36193457,10:3:13:457,47.75,100
36194403,10:3:14:403,47.745,100
36194403,10:3:14:403,47.745,100
36194460,10:3:14:460,47.75,100
36194460,10:3:14:460,47.75,100
36194460,10:3:14:460,47.75,200
36194460,10:3:14:460,47.75,85
36194460,10:3:14:460,47.75,100
36194461,10:3:14:461,47.75,100
36196200,10:3:16:200,47.75,100
36196201,10:3:16:201,47.75,100
36196201,10:3:16:201,47.75,100
36196201,10:3:16:201,47.755,100
36196201,10:3:16:201,47.75,20
36196201,10:3:16:201,47.75,80
36196201,10:3:16:201,47.75,10
36196201,10:3:16:201,47.75,10
36198679,10:3:18:679,47.76,200
36218981,10:3:38:981,47.755,300
36221150,10:3:41:150,47.755,100
36221152,10:3:41:152,47.75,100
36221203,10:3:41:203,47.755,100
36221205,10:3:41:205,47.755,100
36223070,10:3:43:70,47.75,100
36223072,10:3:43:72,47.75,100
36223258,10:3:43:258,47.755,100
36223258,10:3:43:258,47.75,11
36225468,10:3:45:468,47.75,100
36225468,10:3:45:468,47.75,100
36225468,10:3:45:468,47.75,100
36225468,10:3:45:468,47.75,68
36225468,10:3:45:468,47.75,32
36225468,10:3:45:468,47.75,32
36225468,10:3:45:468,47.755,100
36225469,10:3:45:469,47.75,50
36225469,10:3:45:469,47.75,39
36225469,10:3:45:469,47.75,61
36225469,10:3:45:469,47.75,39
36225469,10:3:45:469,47.75,161
36225469,10:3:45:469,47.75,68
36225469,10:3:45:469,47.75,11
36225474,10:3:45:474,47.75,100
36225918,10:3:45:918,47.75,100
36228181,10:3:48:181,47.75,200
36228427,10:3:48:427,47.745,300
36228428,10:3:48:428,47.75,100
36229308,10:3:49:308,47.75,5
36229353,10:3:49:353,47.75,5
36229659,10:3:49:659,47.74,100
36229662,10:3:49:662,47.745,100
36229688,10:3:49:688,47.74,100
36229695,10:3:49:695,47.745,100
36229751,10:3:49:751,47.745,100
36229753,10:3:49:753,47.74,100
36231425,10:3:51:425,47.745,100
36231427,10:3:51:427,47.74,100
36231469,10:3:51:469,47.745,100
36231501,10:3:51:501,47.74,100
36231509,10:3:51:509,47.74,100
36231550,10:3:51:550,47.745,100
36231563,10:3:51:563,47.74,87
36231563,10:3:51:563,47.74,100
36231563,10:3:51:563,47.74,38
36231563,10:3:51:563,47.74,10
36231563,10:3:51:563,47.74,52
36231563,10:3:51:563,47.74,48
36231563,10:3:51:563,47.74,10
36231563,10:3:51:563,47.74,13
36231564,10:3:51:564,47.74,29
36231949,10:3:51:949,47.74,100
36232640,10:3:52:640,47.74,10
36233128,10:3:53:128,47.74,100
36233130,10:3:53:130,47.74,100
36233714,10:3:53:714,47.735,100
36233716,10:3:53:716,47.73,100
36233820,10:3:53:820,47.735,100
36233883,10:3:53:883,47.73,100
36233893,10:3:53:893,47.735,100
36233924,10:3:53:924,47.73,100
36233970,10:3:53:970,47.73,100
36233970,10:3:53:970,47.73,100
36234091,10:3:54:91,47.73,200
36235600,10:3:55:600,47.73,100
36235600,10:3:55:600,47.72,100
36235600,10:3:55:600,47.72,200
36235601,10:3:55:601,47.72,100
36235601,10:3:55:601,47.72,100
36235601,10:3:55:601,47.72,10
36236166,10:3:56:166,47.73,100
36236417,10:3:56:417,47.7199,7
36237463,10:3:57:463,47.71,100
36239163,10:3:59:163,47.705,400
36239164,10:3:59:164,47.705,300
36239166,10:3:59:166,47.705,900
36239932,10:3:59:932,47.71,10
36244115,10:4:4:115,47.705,3
36244116,10:4:4:116,47.705,97
36244117,10:4:4:117,47.705,3
36244125,10:4:4:125,47.7,97
36244125,10:4:4:125,47.7,3
36244126,10:4:4:126,47.7,100
36244126,10:4:4:126,47.705,100
36244126,10:4:4:126,47.7,3
36244126,10:4:4:126,47.7,100
36244126,10:4:4:126,47.7,5
36244127,10:4:4:127,47.69,100
36244131,10:4:4:131,47.695,100
36245710,10:4:5:710,47.69,100
36246353,10:4:6:353,47.69,100
36246716,10:4:6:716,47.6799,3
36246932,10:4:6:932,47.67,131
36246933,10:4:6:933,47.67,69
36246939,10:4:6:939,47.67,16
36246939,10:4:6:939,47.67,84
36247276,10:4:7:276,47.67,100
36253927,10:4:13:927,47.67,100
36255609,10:4:15:609,47.67,100
36255610,10:4:15:610,47.675,100
36255610,10:4:15:610,47.67,100
36255610,10:4:15:610,47.67,10
36255610,10:4:15:610,47.67,10
36255610,10:4:15:610,47.67,10
36255610,10:4:15:610,47.67,100
36255615,10:4:15:615,47.66,100
36255615,10:4:15:615,47.66,200
36255616,10:4:15:616,47.665,100
36255616,10:4:15:616,47.66,100
36255616,10:4:15:616,47.66,200
36255622,10:4:15:622,47.66,100
36255622,10:4:15:622,47.65,200
36255624,10:4:15:624,47.645,100
36255624,10:4:15:624,47.64,49
36255630,10:4:15:630,47.64,300
36255630,10:4:15:630,47.64,50
36255635,10:4:15:635,47.64,200
36255635,10:4:15:635,47.64,100
36255641,10:4:15:641,47.64,170
36255644,10:4:15:644,47.65,100
36255646,10:4:15:646,47.65,100
36257041,10:4:17:41,47.65,100
36257155,10:4:17:155,47.65,99
36260173,10:4:20:173,47.655,100
36260192,10:4:20:192,47.655,100
36263962,10:4:23:962,47.655,100
36263963,10:4:23:963,47.65,100
36264075,10:4:24:75,47.655,100
36265125,10:4:25:125,47.65,100
36265329,10:4:25:329,47.65,100
36265910,10:4:25:910,47.65,100
36266706,10:4:26:706,47.64,94
36266706,10:4:26:706,47.645,100
36269436,10:4:29:436,47.64,6
36269549,10:4:29:549,47.63,100
36269550,10:4:29:550,47.63,100
36269550,10:4:29:550,47.63,24
36269550,10:4:29:550,47.63,100
36269550,10:4:29:550,47.63,100
36271881,10:4:31:881,47.62,100
36271881,10:4:31:881,47.63,300
36271882,10:4:31:882,47.63,100
36271883,10:4:31:883,47.64,100
36271883,10:4:31:883,47.64,30
36271883,10:4:31:883,47.64,100
36271883,10:4:31:883,47.64,150
36271883,10:4:31:883,47.64,100
36271883,10:4:31:883,47.64,100
36271883,10:4:31:883,47.64,15
36271883,10:4:31:883,47.64,35
36271883,10:4:31:883,47.64,100
36271883,10:4:31:883,47.64,36
36271883,10:4:31:883,47.64,64
36272090,10:4:32:90,47.65,100
36273126,10:4:33:126,47.66,100
36273126,10:4:33:126,47.66,100
36273126,10:4:33:126,47.66,100
36273126,10:4:33:126,47.66,100
36273126,10:4:33:126,47.66,100
36273126,10:4:33:126,47.66,100
36273126,10:4:33:126,47.66,100
36273127,10:4:33:127,47.66,100
36273127,10:4:33:127,47.66,100
36273144,10:4:33:144,47.67,100
36273147,10:4:33:147,47.67,100
36273147,10:4:33:147,47.66,100
36273183,10:4:33:183,47.67,100
36273183,10:4:33:183,47.67,100
36273183,10:4:33:183,47.67,100
36273183,10:4:33:183,47.675,100
36273184,10:4:33:184,47.67,100
36277695,10:4:37:695,47.66,100
36277695,10:4:37:695,47.665,100
36277695,10:4:37:695,47.66,24
36277695,10:4:37:695,47.66,4
36277695,10:4:37:695,47.66,96
36277695,10:4:37:695,47.66,4
36277700,10:4:37:700,47.65,100
36283807,10:4:43:807,47.645,100
36285533,10:4:45:533,47.645,243
36287709,10:4:47:709,47.65,100
36287709,10:4:47:709,47.65,100
36287709,10:4:47:709,47.65,10
36287709,10:4:47:709,47.65,100
36287709,10:4:47:709,47.65,10
36287709,10:4:47:709,47.65,100
36287709,10:4:47:709,47.65,10
36287709,10:4:47:709,47.65,70
36287710,10:4:47:710,47.65,7
36287710,10:4:47:710,47.65,1
36287710,10:4:47:710,47.65,6
36287710,10:4:47:710,47.65,93
36287710,10:4:47:710,47.65,7
36287710,10:4:47:710,47.65,1
36287711,10:4:47:711,47.655,94
36287711,10:4:47:711,47.66,6
36287713,10:4:47:713,47.66,94
36287714,10:4:47:714,47.66,100
36287773,10:4:47:773,47.66,100
36288007,10:4:48:7,47.67,200
36288012,10:4:48:12,47.68,10
36288213,10:4:48:213,47.69,100
36288588,10:4:48:588,47.695,100
36302752,10:5:2:752,47.68,2
36302752,10:5:2:752,47.68,98
36302752,10:5:2:752,47.68,2
36302830,10:5:2:830,47.675,200
36302834,10:5:2:834,47.68,89
36304242,10:5:4:242,47.69,23
36304242,10:5:4:242,47.69,77
36304992,10:5:4:992,47.7,4
36306768,10:5:6:768,47.7,22
36307556,10:5:7:556,47.7,78
36312967,10:5:12:967,47.695,100
36313339,10:5:13:339,47.7,100
36313339,10:5:13:339,47.7,100
36313339,10:5:13:339,47.7,10
36313339,10:5:13:339,47.7,10
36313340,10:5:13:340,47.695,100
36313340,10:5:13:340,47.7,45
36313340,10:5:13:340,47.695,100
36313340,10:5:13:340,47.7,55
36313340,10:5:13:340,47.7,45
36313340,10:5:13:340,47.7,100
36313340,10:5:13:340,47.7,55
36313340,10:5:13:340,47.7,100
36313340,10:5:13:340,47.7,80
36313340,10:5:13:340,47.695,100
36313340,10:5:13:340,47.695,100
36313340,10:5:13:340,47.695,100
36313340,10:5:13:340,47.695,100
36313341,10:5:13:341,47.695,100
36318094,10:5:18:94,47.7,100
36318094,10:5:18:94,47.7,100
36318094,10:5:18:94,47.7,100
36318095,10:5:18:95,47.69,5
36329451,10:5:29:451,47.695,100
36329457,10:5:29:457,47.69,200
36329457,10:5:29:457,47.69,100
36329457,10:5:29:457,47.69,100
36329457,10:5:29:457,47.69,100
36329457,10:5:29:457,47.69,100
36329457,10:5:29:457,47.68,100
36329458,10:5:29:458,47.68,100
36329506,10:5:29:506,47.68,100
36330238,10:5:30:238,47.68,100
36334445,10:5:34:445,47.67,50
36334445,10:5:34:445,47.675,50
36334445,10:5:34:445,47.67,100
36334445,10:5:34:445,47.675,50
36334445,10:5:34:445,47.67,100
36334445,10:5:34:445,47.67,150
36334446,10:5:34:446,47.67,100
36334447,10:5:34:447,47.66,100
36334480,10:5:34:480,47.665,100
36348902,10:5:48:902,47.67,10
36352960,10:5:52:960,47.67,100
36359547,10:5:59:547,47.67,100
36364043,10:6:4:43,47.66,96
36364043,10:6:4:43,47.665,3
36364043,10:6:4:43,47.66,100
36364043,10:6:4:43,47.66,47
36364043,10:6:4:43,47.66,50
36364043,10:6:4:43,47.665,100
36364043,10:6:4:43,47.665,10
36364043,10:6:4:43,47.66,100
36364043,10:6:4:43,47.66,100
36364043,10:6:4:43,47.66,4
36364043,10:6:4:43,47.66,300
36364043,10:6:4:43,47.66,100
36364043,10:6:4:43,47.66,3
36364043,10:6:4:43,47.66,100
36364043,10:6:4:43,47.66,3
36367377,10:6:7:377,47.65,96
36367377,10:6:7:377,47.65,4
36367377,10:6:7:377,47.65,100
36367377,10:6:7:377,47.655,100
36367377,10:6:7:377,47.65,100
36367378,10:6:7:378,47.64,100
36367378,10:6:7:378,47.64,100
36367437,10:6:7:437,47.635,100
36370407,10:6:10:407,47.63,96
36370407,10:6:10:407,47.63,4
36370407,10:6:10:407,47.63,100
36370413,10:6:10:413,47.63,100
36373104,10:6:13:104,47.63,99
36373151,10:6:13:151,47.63,100
36373161,10:6:13:161,47.625,100
36373408,10:6:13:408,47.63,100
36373410,10:6:13:410,47.63,1
36379739,10:6:19:739,47.63,24
36379745,10:6:19:745,47.63,100
36380347,10:6:20:347,47.63,100
36380347,10:6:20:347,47.63,300
36380349,10:6:20:349,47.63,100
36380349,10:6:20:349,47.625,100
36380349,10:6:20:349,47.63,76
36380413,10:6:20:413,47.64,100
36380512,10:6:20:512,47.6399,99
36380543,10:6:20:543,47.635,100
36380546,10:6:20:546,47.64,100
36380631,10:6:20:631,47.6399,11
36380689,10:6:20:689,47.6399,88
36380722,10:6:20:722,47.64,100
36383232,10:6:23:232,47.64,100
36383232,10:6:23:232,47.645,1
36383232,10:6:23:232,47.64,11
36383232,10:6:23:232,47.64,32
36383232,10:6:23:232,47.64,99
36383232,10:6:23:232,47.645,99
36383232,10:6:23:232,47.64,4
36383232,10:6:23:232,47.64,91
36383232,10:6:23:232,47.64,9
36384548,10:6:24:548,47.64,1
36389461,10:6:29:461,47.63,8
36389462,10:6:29:462,47.63,2
36389463,10:6:29:463,47.63,100
36389485,10:6:29:485,47.64,15
36389490,10:6:29:490,47.64,25
36393273,10:6:33:273,47.64,100
36396296,10:6:36:296,47.63,100
36400902,10:6:40:902,47.63,1
36401656,10:6:41:656,47.63,100
36404280,10:6:44:280,47.63,10
36404291,10:6:44:291,47.63,7
36411447,10:6:51:447,47.63,100
36411447,10:6:51:447,47.63,93
36411447,10:6:51:447,47.63,100
36411447,10:6:51:447,47.63,600
36411448,10:6:51:448,47.63,100
36411448,10:6:51:448,47.63,100
36411451,10:6:51:451,47.63,19
36411462,10:6:51:462,47.64,10
36413538,10:6:53:538,47.64,100
36413538,10:6:53:538,47.64,90
36413538,10:6:53:538,47.64,100
36413538,10:6:53:538,47.64,100
36413539,10:6:53:539,47.64,99
36414843,10:6:54:843,47.645,100
36420074,10:7:0:74,47.64,100
36420074,10:7:0:74,47.64,100
36420074,10:7:0:74,47.64,100
36420314,10:7:0:314,47.63,100
36420314,10:7:0:314,47.635,181
36420314,10:7:0:314,47.63,419
36420314,10:7:0:314,47.63,181
36420314,10:7:0:314,47.63,100
36421451,10:7:1:451,47.62,100
36421451,10:7:1:451,47.62,100
36421523,10:7:1:523,47.61,100
36421523,10:7:1:523,47.6,200
36421523,10:7:1:523,47.6,100
36421523,10:7:1:523,47.6,100
36425883,10:7:5:883,47.595,200
36428433,10:7:8:433,47.59,32
36428434,10:7:8:434,47.6,100
36428453,10:7:8:453,47.5901,212
36428459,10:7:8:459,47.59,184
36428606,10:7:8:606,47.6,600
36428606,10:7:8:606,47.6,10
36428607,10:7:8:607,47.6,10
36428607,10:7:8:607,47.6,10
36428607,10:7:8:607,47.6,10
36428607,10:7:8:607,47.6,10
36428607,10:7:8:607,47.6,100
36428609,10:7:8:609,47.6,160
36431190,10:7:11:190,47.6,100
36431190,10:7:11:190,47.6,6
36431190,10:7:11:190,47.6,94
36431190,10:7:11:190,47.6,100
36431191,10:7:11:191,47.6,260
36431191,10:7:11:191,47.6,10
36431191,10:7:11:191,47.6,10
36431191,10:7:11:191,47.6,10
36431191,10:7:11:191,47.6,10
36431198,10:7:11:198,47.61,100
36431205,10:7:11:205,47.61,100
36431205,10:7:11:205,47.605,100
36431205,10:7:11:205,47.61,100
36432868,10:7:12:868,47.605,100
36433113,10:7:13:113,47.61,100
36439258,10:7:19:258,47.605,200
36439270,10:7:19:270,47.605,200
36448846,10:7:28:846,47.6,2
36451202,10:7:31:202,47.61,100
36453428,10:7:33:428,47.61,100
36453428,10:7:33:428,47.61,100
36453428,10:7:33:428,47.61,36
36453428,10:7:33:428,47.61,100
36453428,10:7:33:428,47.61,10
36453428,10:7:33:428,47.61,10
36472555,10:7:52:555,47.605,100
36472555,10:7:52:555,47.6,100
36472555,10:7:52:555,47.6,50
36472555,10:7:52:555,47.6,100
36472555,10:7:52:555,47.6,50
36472559,10:7:52:559,47.605,100
36472572,10:7:52:572,47.605,100
36472575,10:7:52:575,47.6,12
36472576,10:7:52:576,47.6,88
36472576,10:7:52:576,47.6,12
36472576,10:7:52:576,47.6,100
36472576,10:7:52:576,47.6,99
36472577,10:7:52:577,47.605,99
36472577,10:7:52:577,47.605,1
36472577,10:7:52:577,47.6,99
36472578,10:7:52:578,47.6,1
36472578,10:7:52:578,47.6,86
36474499,10:7:54:499,47.59,1
36474499,10:7:54:499,47.59,200
36474499,10:7:54:499,47.59,100
36474499,10:7:54:499,47.59,555
36475433,10:7:55:433,47.58,1
36475441,10:7:55:441,47.58,99
36481015,10:8:1:15,47.58,1
36481089,10:8:1:89,47.59,400
36481089,10:8:1:89,47.59,100
36481089,10:8:1:89,47.59,100
36481090,10:8:1:90,47.59,100
36481090,10:8:1:90,47.59,100
36481090,10:8:1:90,47.585,100
36481090,10:8:1:90,47.59,100
36481090,10:8:1:90,47.59,100
36481090,10:8:1:90,47.59,100
36481090,10:8:1:90,47.59,100
36481091,10:8:1:91,47.6,10
36483587,10:8:3:587,47.595,1
36486983,10:8:6:983,47.6,100
36490490,10:8:10:490,47.5939,147
36491339,10:8:11:339,47.6,100
36491341,10:8:11:341,47.6,100
36491341,10:8:11:341,47.6,100
36491341,10:8:11:341,47.6,100
36491341,10:8:11:341,47.6,58
36491341,10:8:11:341,47.6,42
36491341,10:8:11:341,47.6,90
36491341,10:8:11:341,47.6,92
36491341,10:8:11:341,47.6,100
36491341,10:8:11:341,47.6,108
36491349,10:8:11:349,47.61,100
36491349,10:8:11:349,47.61,100
36491350,10:8:11:350,47.61,100
36491855,10:8:11:855,47.62,100
36491859,10:8:11:859,47.625,100
36493513,10:8:13:513,47.62,100
36498741,10:8:18:741,47.62,100
36498741,10:8:18:741,47.62,100
36498741,10:8:18:741,47.62,300
36498742,10:8:18:742,47.615,100
36498746,10:8:18:746,47.63,100
36498747,10:8:18:747,47.63,400
36498747,10:8:18:747,47.63,100
36498748,10:8:18:748,47.62,100
36498748,10:8:18:748,47.63,100
36498754,10:8:18:754,47.64,100
36498755,10:8:18:755,47.635,100
36498759,10:8:18:759,47.65,100
36498759,10:8:18:759,47.65,100
36512049,10:8:32:49,47.64,150
36512049,10:8:32:49,47.64,50
36512049,10:8:32:49,47.645,100
36512050,10:8:32:50,47.64,100
36512051,10:8:32:51,47.63,100
36512051,10:8:32:51,47.63,100
36512052,10:8:32:52,47.62,100
36525240,10:8:45:240,47.62,100
36528466,10:8:48:466,47.625,100
36539376,10:8:59:376,47.62,50
36539376,10:8:59:376,47.62,50
36539376,10:8:59:376,47.62,100
36539376,10:8:59:376,47.62,200
36539376,10:8:59:376,47.62,100
36539376,10:8:59:376,47.62,100
36539376,10:8:59:376,47.62,100
36539377,10:8:59:377,47.62,100
36539377,10:8:59:377,47.61,100
36539377,10:8:59:377,47.61,100
36539379,10:8:59:379,47.6,100
36539380,10:8:59:380,47.6,10
36539496,10:8:59:496,47.61,100
36539532,10:8:59:532,47.61,100
36539536,10:8:59:536,47.6,10
36539536,10:8:59:536,47.6,90
36544511,10:9:4:511,47.6,4
36551216,10:9:11:216,47.59,300
36553805,10:9:13:805,47.5839,200
36553973,10:9:13:973,47.59,20
36553973,10:9:13:973,47.59,20
36554018,10:9:14:18,47.59,60
36554601,10:9:14:601,47.59,20
36554601,10:9:14:601,47.59,20
36554602,10:9:14:602,47.59,80
36554602,10:9:14:602,47.59,100
36554602,10:9:14:602,47.59,200
36554602,10:9:14:602,47.59,10
36554602,10:9:14:602,47.59,10
36554602,10:9:14:602,47.59,10
36554602,10:9:14:602,47.59,100
36554602,10:9:14:602,47.59,100
36554602,10:9:14:602,47.59,35
36554602,10:9:14:602,47.59,100
36554602,10:9:14:602,47.59,80
36554602,10:9:14:602,47.59,10
36554604,10:9:14:604,47.6,20
36554649,10:9:14:649,47.585,100
36554654,10:9:14:654,47.585,100
36555156,10:9:15:156,47.595,200
36560843,10:9:20:843,47.59,100
36560843,10:9:20:843,47.59,44
36560844,10:9:20:844,47.59,56
36560844,10:9:20:844,47.59,400
36560844,10:9:20:844,47.59,10
36562817,10:9:22:817,47.585,200
36570132,10:9:30:132,47.59,20
36579261,10:9:39:261,47.58,132
36579261,10:9:39:261,47.58,100
36579261,10:9:39:261,47.58,144
36579261,10:9:39:261,47.58,68
36579261,10:9:39:261,47.58,56
36579261,10:9:39:261,47.585,50
36579261,10:9:39:261,47.58,100
36579261,10:9:39:261,47.585,50
36579261,10:9:39:261,47.58,100
36579261,10:9:39:261,47.58,100
36579261,10:9:39:261,47.58,3
36579261,10:9:39:261,47.58,100
36579263,10:9:39:263,47.58,100
36579264,10:9:39:264,47.57,100
36579265,10:9:39:265,47.58,100
36579269,10:9:39:269,47.57,100
36579303,10:9:39:303,47.565,100
36579317,10:9:39:317,47.56,100
36579318,10:9:39:318,47.56,300
36579318,10:9:39:318,47.56,144
36579318,10:9:39:318,47.56,10
36579318,10:9:39:318,47.56,56
36579361,10:9:39:361,47.57,100
36581189,10:9:41:189,47.555,100
36583394,10:9:43:394,47.55,200
36583394,10:9:43:394,47.55,8
36583394,10:9:43:394,47.55,100
36584426,10:9:44:426,47.55,100
36584531,10:9:44:531,47.55,10
36584531,10:9:44:531,47.55,10
36584531,10:9:44:531,47.55,10
36584531,10:9:44:531,47.55,70
36592491,10:9:52:491,47.55,100
36594982,10:9:54:982,47.55,20
36594984,10:9:54:984,47.55,20
36594984,10:9:54:984,47.55,60
36596975,10:9:56:975,47.545,100
36597274,10:9:57:274,47.545,1
36597274,10:9:57:274,47.55,100
36597275,10:9:57:275,47.55,100
36597299,10:9:57:299,47.555,100
36600359,10:10:0:359,47.56,100
36602664,10:10:2:664,47.56,954
36602757,10:10:2:757,47.56,192
36602757,10:10:2:757,47.56,8
36602757,10:10:2:757,47.56,93
36602757,10:10:2:757,47.56,30
36602757,10:10:2:757,47.56,7
36602757,10:10:2:757,47.56,100
36602757,10:10:2:757,47.56,100
36602757,10:10:2:757,47.56,100
36602757,10:10:2:757,47.555,100
36602758,10:10:2:758,47.57,10
36602761,10:10:2:761,47.565,100
36608229,10:10:8:229,47.56,100
36608229,10:10:8:229,47.56,44
36608229,10:10:8:229,47.565,1
36608229,10:10:8:229,47.56,99
36608229,10:10:8:229,47.56,56
36608229,10:10:8:229,47.56,100
36608229,10:10:8:229,47.56,100
36608229,10:10:8:229,47.56,1
36608229,10:10:8:229,47.565,100
36608229,10:10:8:229,47.56,1
36608229,10:10:8:229,47.56,99
36608229,10:10:8:229,47.56,1
36608236,10:10:8:236,47.56,100
36609348,10:10:9:348,47.56,100
36609458,10:10:9:458,47.56,100
36609459,10:10:9:459,47.56,100
36611976,10:10:11:976,47.565,100
36612686,10:10:12:686,47.57,90
36612686,10:10:12:686,47.57,100
36612961,10:10:12:961,47.575,100
36613404,10:10:13:404,47.58,100
36613404,10:10:13:404,47.59,10
36631869,10:10:31:869,47.58,200
36631870,10:10:31:870,47.58,100
36631870,10:10:31:870,47.58,100
36631872,10:10:31:872,47.575,200
36633423,10:10:33:423,47.585,100
36635607,10:10:35:607,47.585,100
36635607,10:10:35:607,47.58,100
36635607,10:10:35:607,47.58,100
36635607,10:10:35:607,47.58,100
36635614,10:10:35:614,47.58,100
36635627,10:10:35:627,47.58,100
36635627,10:10:35:627,47.58,400
36635627,10:10:35:627,47.58,100
36635627,10:10:35:627,47.58,100
36635627,10:10:35:627,47.58,90
36635627,10:10:35:627,47.58,100
36635628,10:10:35:628,47.58,10
36635628,10:10:35:628,47.58,200
36635777,10:10:35:777,47.585,100
36638227,10:10:38:227,47.58,100
36638228,10:10:38:228,47.58,100
36638230,10:10:38:230,47.58,100
36638231,10:10:38:231,47.58,100
36638232,10:10:38:232,47.58,100
36638232,10:10:38:232,47.58,100
36638232,10:10:38:232,47.58,100
36638236,10:10:38:236,47.58,100
36638237,10:10:38:237,47.585,100
36638343,10:10:38:343,47.58,100
36638410,10:10:38:410,47.58,100
36645844,10:10:45:844,47.585,200
36648370,10:10:48:370,47.5899,1
36648461,10:10:48:461,47.585,200
36649578,10:10:49:578,47.585,100
36649580,10:10:49:580,47.58,100
36649624,10:10:49:624,47.585,100
36649626,10:10:49:626,47.585,100
36649696,10:10:49:696,47.58,100
36651862,10:10:51:862,47.58,100
36651864,10:10:51:864,47.58,100
36654107,10:10:54:107,47.58,100
36654171,10:10:54:171,47.58,100
36654171,10:10:54:171,47.58,200
36654171,10:10:54:171,47.58,100
36654171,10:10:54:171,47.58,230
36654171,10:10:54:171,47.58,100
36654171,10:10:54:171,47.58,70
36654171,10:10:54:171,47.58,100
36654171,10:10:54:171,47.58,30
36654172,10:10:54:172,47.58,400
36654172,10:10:54:172,47.58,40
36654222,10:10:54:222,47.575,200
36656078,10:10:56:78,47.56,100
36656078,10:10:56:78,47.56,100
36656079,10:10:56:79,47.56,13
36656079,10:10:56:79,47.56,182
36659788,10:10:59:788,47.54,187
36659788,10:10:59:788,47.54,13
36659885,10:10:59:885,47.531,200
36662703,10:11:2:703,47.54,100
36662710,10:11:2:710,47.54,100
36664176,10:11:4:176,47.54,100
36664261,10:11:4:261,47.54,100
36664264,10:11:4:264,47.54,100
36664264,10:11:4:264,47.54,100
36664264,10:11:4:264,47.54,400
36664264,10:11:4:264,47.54,100
36664264,10:11:4:264,47.54,10
36664265,10:11:4:265,47.55,10
36664265,10:11:4:265,47.55,100
36664265,10:11:4:265,47.55,100
36664265,10:11:4:265,47.55,90
36664266,10:11:4:266,47.55,100
36664266,10:11:4:266,47.55,100
36664266,10:11:4:266,47.55,100
36666538,10:11:6:538,47.56,100
36666538,10:11:6:538,47.56,10
36666538,10:11:6:538,47.56,10
36666887,10:11:6:887,47.557,12
36667132,10:11:7:132,47.55,1
36667134,10:11:7:134,47.56,1
36667202,10:11:7:202,47.56,199
36667352,10:11:7:352,47.56,100
36681316,10:11:21:316,47.56,20
36690897,10:11:30:897,47.56,20
36690963,10:11:30:963,47.56,100
36690963,10:11:30:963,47.56,50
36690963,10:11:30:963,47.56,10
36690963,10:11:30:963,47.56,200
36690963,10:11:30:963,47.56,200
36690963,10:11:30:963,47.56,200
36690964,10:11:30:964,47.56,100
36690964,10:11:30:964,47.56,100
36690965,10:11:30:965,47.57,100
36690965,10:11:30:965,47.57,100
36690965,10:11:30:965,47.57,10
36690965,10:11:30:965,47.57,10
36690965,10:11:30:965,47.57,10
36690965,10:11:30:965,47.57,100
36692680,10:11:32:680,47.57,100
36692680,10:11:32:680,47.57,100
36692680,10:11:32:680,47.57,50
36692680,10:11:32:680,47.57,200
36693337,10:11:33:337,47.5601,200
36694858,10:11:34:858,47.57,100
36694858,10:11:34:858,47.57,100
36696967,10:11:36:967,47.57,50
36696967,10:11:36:967,47.57,100
36696967,10:11:36:967,47.57,100
36696967,10:11:36:967,47.57,250
36696967,10:11:36:967,47.57,200
36696968,10:11:36:968,47.56,100
36696969,10:11:36:969,47.56,100
36696970,10:11:36:970,47.55,100
36696970,10:11:36:970,47.555,100
36696971,10:11:36:971,47.55,100
36696977,10:11:36:977,47.54,100
36696977,10:11:36:977,47.54,200
36696979,10:11:36:979,47.54,100
36698018,10:11:38:18,47.55,300
36698589,10:11:38:589,47.55,100
36698590,10:11:38:590,47.55,150
36698591,10:11:38:591,47.55,100
36698591,10:11:38:591,47.55,200
36698592,10:11:38:592,47.55,100
36698592,10:11:38:592,47.55,50
36698592,10:11:38:592,47.55,57
36698592,10:11:38:592,47.55,43
36698592,10:11:38:592,47.55,55
36713500,10:11:53:500,47.54,1
36713529,10:11:53:529,47.535,100
36713548,10:11:53:548,47.535,100
36718071,10:11:58:71,47.53,100
36718072,10:11:58:72,47.53,100
36718072,10:11:58:72,47.53,100
36718073,10:11:58:73,47.53,100
36718073,10:11:58:73,47.53,37
36718073,10:11:58:73,47.53,63
36718176,10:11:58:176,47.52,100
36718433,10:11:58:433,47.52,1
36718829,10:11:58:829,47.52,700
36718830,10:11:58:830,47.52,10
36718830,10:11:58:830,47.52,90
36719897,10:11:59:897,47.525,100
36719915,10:11:59:915,47.525,100
36720055,10:12:0:55,47.53,48
36720055,10:12:0:55,47.525,100
36720636,10:12:0:636,47.52,200
36720636,10:12:0:636,47.52,100
36720636,10:12:0:636,47.52,100
36720636,10:12:0:636,47.52,100
36720636,10:12:0:636,47.52,600
36720636,10:12:0:636,47.52,92
36720636,10:12:0:636,47.52,8
36723781,10:12:3:781,47.52,200
36723781,10:12:3:781,47.52,100
36723781,10:12:3:781,47.52,3
36723807,10:12:3:807,47.5,100
36723810,10:12:3:810,47.5,100
36723810,10:12:3:810,47.505,3
36723810,10:12:3:810,47.5,97
36723810,10:12:3:810,47.5,100
36723811,10:12:3:811,47.5,3
36723811,10:12:3:811,47.49,90
36723812,10:12:3:812,47.49,10
36723812,10:12:3:812,47.5,50
36723813,10:12:3:813,47.49,100
36723813,10:12:3:813,47.49,100
36723813,10:12:3:813,47.49,100
36723814,10:12:3:814,47.5,100
36723815,10:12:3:815,47.5,100
36723817,10:12:3:817,47.5,112
36723829,10:12:3:829,47.5,297
36727691,10:12:7:691,47.5,100
36727691,10:12:7:691,47.5,100
36727691,10:12:7:691,47.5,200
36727699,10:12:7:699,47.5,100
36730057,10:12:10:57,47.48,100
36732957,10:12:12:957,47.48,22
36732957,10:12:12:957,47.48,200
36732957,10:12:12:957,47.48,100
36732957,10:12:12:957,47.48,78
36732958,10:12:12:958,47.49,15
36732958,10:12:12:958,47.49,35
36732958,10:12:12:958,47.49,200
36732958,10:12:12:958,47.49,65
36732958,10:12:12:958,47.49,100
36733092,10:12:13:92,47.49,100
36737636,10:12:17:636,47.5,100
36737637,10:12:17:637,47.49,1
36737637,10:12:17:637,47.5,100
36737639,10:12:17:639,47.51,100
36737641,10:12:17:641,47.495,100
36738679,10:12:18:679,47.51,49
36739812,10:12:19:812,47.52,2
36739939,10:12:19:939,47.52,48
36744153,10:12:24:153,47.53,100
36744154,10:12:24:154,47.53,100
36745136,10:12:25:136,47.53,100
36745136,10:12:25:136,47.53,100
36745136,10:12:25:136,47.53,13
36745136,10:12:25:136,47.53,100
36745137,10:12:25:137,47.53,87
36745140,10:12:25:140,47.53,100
36745500,10:12:25:500,47.5299,7
36758059,10:12:38:59,47.53,100
36758059,10:12:38:59,47.53,200
36758059,10:12:38:59,47.53,50
36758059,10:12:38:59,47.53,50
36758060,10:12:38:60,47.52,100
36758060,10:12:38:60,47.52,100
36758062,10:12:38:62,47.52,91
36761265,10:12:41:265,47.51,1
36790400,10:13:10:400,47.51,100
36798252,10:13:18:252,47.51,100
36798252,10:13:18:252,47.51,100
36798252,10:13:18:252,47.51,100
36798252,10:13:18:252,47.51,4
36798252,10:13:18:252,47.51,100
36798669,10:13:18:669,47.5,100
36798675,10:13:18:675,47.5,100
36798675,10:13:18:675,47.5,10
36798675,10:13:18:675,47.5,100
36800410,10:13:20:410,47.49,100
36800410,10:13:20:410,47.49,23
36800411,10:13:20:411,47.5,23
36800411,10:13:20:411,47.5,300
36800512,10:13:20:512,47.5,23
36801206,10:13:21:206,47.49,100
36806554,10:13:26:554,47.48,77
36806915,10:13:26:915,47.48,100
36806956,10:13:26:956,47.48,100
36812427,10:13:32:427,47.48,100
36812427,10:13:32:427,47.48,100
36812429,10:13:32:429,47.47,100
36812430,10:13:32:430,47.48,10
36812434,10:13:32:434,47.47,200
36812434,10:13:32:434,47.47,100
36812435,10:13:32:435,47.47,10
36812435,10:13:32:435,47.47,10
36812435,10:13:32:435,47.47,100
36812435,10:13:32:435,47.47,100
36812435,10:13:32:435,47.47,100
36812435,10:13:32:435,47.47,100
36812435,10:13:32:435,47.47,100
36812435,10:13:32:435,47.47,100
36812435,10:13:32:435,47.47,100
36812435,10:13:32:435,47.47,10
36812435,10:13:32:435,47.47,10
36812445,10:13:32:445,47.47,100
36812445,10:13:32:445,47.47,100
36812449,10:13:32:449,47.46,200
36812449,10:13:32:449,47.47,10
36812449,10:13:32:449,47.47,10
36812449,10:13:32:449,47.47,10
36812451,10:13:32:451,47.46,300
36812454,10:13:32:454,47.46,300
36812455,10:13:32:455,47.46,100
36812455,10:13:32:455,47.47,100
36812456,10:13:32:456,47.47,400
36812461,10:13:32:461,47.47,100
36812461,10:13:32:461,47.47,44
36812461,10:13:32:461,47.47,10
36812463,10:13:32:463,47.47,100
36812463,10:13:32:463,47.47,100
36812463,10:13:32:463,47.47,100
36812463,10:13:32:463,47.47,100
36812463,10:13:32:463,47.47,100
36812463,10:13:32:463,47.47,200
36812469,10:13:32:469,47.47,100
36812469,10:13:32:469,47.47,100
36812469,10:13:32:469,47.47,100
36812470,10:13:32:470,47.47,100
36812470,10:13:32:470,47.47,100
36812470,10:13:32:470,47.46,100
36812470,10:13:32:470,47.46,100
36812470,10:13:32:470,47.46,100
36818294,10:13:38:294,47.45,200
36818294,10:13:38:294,47.45,100
36818294,10:13:38:294,47.45,100
36818294,10:13:38:294,47.45,100
36818300,10:13:38:300,47.43,100
36818300,10:13:38:300,47.44,40
36818300,10:13:38:300,47.43,100
36818300,10:13:38:300,47.43,100
36818301,10:13:38:301,47.43,100
36818301,10:13:38:301,47.43,100
36818301,10:13:38:301,47.43,100
36818301,10:13:38:301,47.43,10
36818301,10:13:38:301,47.43,10
36818301,10:13:38:301,47.43,10
36818301,10:13:38:301,47.43,10
36818301,10:13:38:301,47.43,100
36818301,10:13:38:301,47.43,100
36818301,10:13:38:301,47.43,100
36818301,10:13:38:301,47.43,100
36818301,10:13:38:301,47.43,100
36818301,10:13:38:301,47.44,600
36818301,10:13:38:301,47.43,100
36818301,10:13:38:301,47.43,10
36818302,10:13:38:302,47.44,100
36818302,10:13:38:302,47.44,100
36818304,10:13:38:304,47.45,100
36818307,10:13:38:307,47.44,100
36818307,10:13:38:307,47.44,100
36818308,10:13:38:308,47.44,10
36818309,10:13:38:309,47.44,300
36818312,10:13:38:312,47.44,200
36818318,10:13:38:318,47.44,100
36818318,10:13:38:318,47.44,150
36818319,10:13:38:319,47.44,100
36818319,10:13:38:319,47.44,100
36818320,10:13:38:320,47.44,100
36818323,10:13:38:323,47.44,100
36818327,10:13:38:327,47.43,16
36818792,10:13:38:792,47.44,100
36818793,10:13:38:793,47.44,100
36819013,10:13:39:13,47.44,100
36822008,10:13:42:8,47.45,10
36822009,10:13:42:9,47.45,10
36822009,10:13:42:9,47.45,100
36822009,10:13:42:9,47.45,1
36822009,10:13:42:9,47.45,19
36822009,10:13:42:9,47.45,80
36822009,10:13:42:9,47.45,81
36822009,10:13:42:9,47.45,400
36822013,10:13:42:13,47.46,19
36822014,10:13:42:14,47.46,100
36822014,10:13:42:14,47.46,81
36822421,10:13:42:421,47.47,100
36822424,10:13:42:424,47.48,100
36822425,10:13:42:425,47.48,100
36826649,10:13:46:649,47.48,100
36826650,10:13:46:650,47.48,200
36826650,10:13:46:650,47.48,100
36826650,10:13:46:650,47.48,300
36826650,10:13:46:650,47.48,100
36826651,10:13:46:651,47.47,100
36826652,10:13:46:652,47.47,100
36826652,10:13:46:652,47.47,50
36826653,10:13:46:653,47.47,100
36826653,10:13:46:653,47.47,100
36826653,10:13:46:653,47.47,100
36826654,10:13:46:654,47.47,100
36826655,10:13:46:655,47.47,100
36830548,10:13:50:548,47.46,200
36830548,10:13:50:548,47.46,200
36830548,10:13:50:548,47.46,160
36830548,10:13:50:548,47.46,42
36830548,10:13:50:548,47.46,100
36830575,10:13:50:575,47.45,100
36840619,10:14:0:619,47.44,22
36840619,10:14:0:619,47.44,78
36840619,10:14:0:619,47.44,10
36840620,10:14:0:620,47.44,10
36856579,10:14:16:579,47.44,5000
36856601,10:14:16:601,47.44,100
36856601,10:14:16:601,47.44,300
36856601,10:14:16:601,47.44,100
36856677,10:14:16:677,47.45,100
36856678,10:14:16:678,47.45,100
36856678,10:14:16:678,47.45,100
36856678,10:14:16:678,47.46,1
36856679,10:14:16:679,47.46,100
36857014,10:14:17:14,47.46,100
36857014,10:14:17:14,47.46,100
36857015,10:14:17:15,47.46,100
36857033,10:14:17:33,47.47,100
36857034,10:14:17:34,47.47,100
36857778,10:14:17:778,47.47,100
36859537,10:14:19:537,47.48,100
36859537,10:14:19:537,47.48,100
36868671,10:14:28:671,47.49,200
36868671,10:14:28:671,47.49,10
36868671,10:14:28:671,47.49,10
36868671,10:14:28:671,47.49,100
36868672,10:14:28:672,47.49,10
36868672,10:14:28:672,47.49,100
36868672,10:14:28:672,47.49,100
36868672,10:14:28:672,47.49,100
36868677,10:14:28:677,47.51,100
36882296,10:14:42:296,47.51,100
36882296,10:14:42:296,47.51,100
36882296,10:14:42:296,47.51,100
36882298,10:14:42:298,47.52,100
36882298,10:14:42:298,47.52,10
36882300,10:14:42:300,47.515,100
36882302,10:14:42:302,47.51,100
36882399,10:14:42:399,47.51,100
36884169,10:14:44:169,47.52,100
36884178,10:14:44:178,47.52,100
36884184,10:14:44:184,47.52,100
36888041,10:14:48:41,47.52,100
36888042,10:14:48:42,47.52,100
36888042,10:14:48:42,47.52,100
36888042,10:14:48:42,47.52,100
36888042,10:14:48:42,47.52,3
36889735,10:14:49:735,47.51,100
36889735,10:14:49:735,47.515,3
36889735,10:14:49:735,47.51,97
36889735,10:14:49:735,47.51,3
36889735,10:14:49:735,47.51,3
36889735,10:14:49:735,47.51,10
36889735,10:14:49:735,47.51,10
36889735,10:14:49:735,47.51,3
36889738,10:14:49:738,47.51,100
36898280,10:14:58:280,47.52,30
36901019,10:15:1:19,47.52,100
36901019,10:15:1:19,47.52,70
36901020,10:15:1:20,47.53,100
36902613,10:15:2:613,47.53,100
36902613,10:15:2:613,47.53,100
36915793,10:15:15:793,47.53,100
36915794,10:15:15:794,47.535,70
36918024,10:15:18:24,47.53,100
36919613,10:15:19:613,47.54,10
36922105,10:15:22:105,47.53,400
36922106,10:15:22:106,47.535,30
36922106,10:15:22:106,47.53,120
36922106,10:15:22:106,47.53,150
36922106,10:15:22:106,47.53,35
36922106,10:15:22:106,47.53,65
36922106,10:15:22:106,47.53,35
36922108,10:15:22:108,47.52,50
36922108,10:15:22:108,47.52,50
36922109,10:15:22:109,47.52,100
36922115,10:15:22:115,47.535,100
36922173,10:15:22:173,47.52,100
36922631,10:15:22:631,47.53,100
36927260,10:15:27:260,47.51,100
36927493,10:15:27:493,47.51,100
36929329,10:15:29:329,47.51,100
36929329,10:15:29:329,47.51,100
36929329,10:15:29:329,47.51,10
36929329,10:15:29:329,47.51,10
36929329,10:15:29:329,47.51,10
36929329,10:15:29:329,47.51,100
36929329,10:15:29:329,47.51,10
36929329,10:15:29:329,47.51,10
36934631,10:15:34:631,47.5144,420
36935186,10:15:35:186,47.52,100
36935187,10:15:35:187,47.52,100
36935187,10:15:35:187,47.53,10
36937430,10:15:37:430,47.5233,1000
36957965,10:15:57:965,47.52,211
36966008,10:16:6:8,47.53,100
36966008,10:16:6:8,47.53,100
36966008,10:16:6:8,47.53,100
36966009,10:16:6:9,47.54,100
36966053,10:16:6:53,47.54,100
36966053,10:16:6:53,47.54,10
36966054,10:16:6:54,47.54,90
36967730,10:16:7:730,47.55,100
36967733,10:16:7:733,47.56,100
36967735,10:16:7:735,47.56,100
36970035,10:16:10:35,47.56,88
36970035,10:16:10:35,47.56,12
36970036,10:16:10:36,47.56,100
36970036,10:16:10:36,47.565,100
36970036,10:16:10:36,47.56,3
36970036,10:16:10:36,47.56,88
36970036,10:16:10:36,47.56,12
36977663,10:16:17:663,47.56,50
36977663,10:16:17:663,47.56,50
36977663,10:16:17:663,47.56,100
36980955,10:16:20:955,47.56,100
36980955,10:16:20:955,47.56,100
36983253,10:16:23:253,47.56,300
36985703,10:16:25:703,47.565,100
36989043,10:16:29:43,47.56,50
36989043,10:16:29:43,47.56,47
36989043,10:16:29:43,47.56,3
36989046,10:16:29:46,47.54,100
36989054,10:16:29:54,47.54,100
36989054,10:16:29:54,47.54,100
36989054,10:16:29:54,47.54,100
36989058,10:16:29:58,47.55,100
36989084,10:16:29:84,47.55,300
36989085,10:16:29:85,47.54,100
36989085,10:16:29:85,47.55,300
36989085,10:16:29:85,47.55,100
36989087,10:16:29:87,47.54,100
36989088,10:16:29:88,47.54,100
36989190,10:16:29:190,47.55,100
37000492,10:16:40:492,47.55,1
37000492,10:16:40:492,47.55,1
37000492,10:16:40:492,47.55,2
37000505,10:16:40:505,47.55,100
37013865,10:16:53:865,47.53,50
37013866,10:16:53:866,47.53,50
37013866,10:16:53:866,47.535,100
37013869,10:16:53:869,47.53,50
37013869,10:16:53:869,47.53,50
37013874,10:16:53:874,47.535,100
37013894,10:16:53:894,47.53,100
37013894,10:16:53:894,47.53,100
37020618,10:17:0:618,47.519,500
37022018,10:17:2:18,47.52,400
37023780,10:17:3:780,47.5168,840
37031234,10:17:11:234,47.52,200
37031278,10:17:11:278,47.52,100
37031278,10:17:11:278,47.52,100
37031278,10:17:11:278,47.52,100
37031279,10:17:11:279,47.52,100
37031279,10:17:11:279,47.53,50
37031279,10:17:11:279,47.53,50
37032580,10:17:12:580,47.53,100
37032581,10:17:12:581,47.53,100
37032582,10:17:12:582,47.53,100
37035437,10:17:15:437,47.54,100
37035437,10:17:15:437,47.54,100
37040911,10:17:20:911,47.54,100
37045343,10:17:25:343,47.54,50
37045343,10:17:25:343,47.54,100
37045343,10:17:25:343,47.54,100
37045343,10:17:25:343,47.545,100
37045343,10:17:25:343,47.54,100
37045344,10:17:25:344,47.54,50
37045347,10:17:25:347,47.54,100
37045348,10:17:25:348,47.54,100
37045360,10:17:25:360,47.54,100
37045381,10:17:25:381,47.54,200
37060883,10:17:40:883,47.54,100
37060884,10:17:40:884,47.55,300
37060884,10:17:40:884,47.55,100
