MsOfDay, Time,Price,Size
34201012,9:30:1:12,48.37,12941
34201017,9:30:1:17,48.37,900
34201039,9:30:1:39,48.37,1500
34201039,9:30:1:39,48.37,100
34201065,9:30:1:65,48.311,100
34201166,9:30:1:166,48.31,100
34201186,9:30:1:186,48.29,100
34201186,9:30:1:186,48.29,100
34201382,9:30:1:382,48.28,100
34202019,9:30:2:19,48.26,100
34202396,9:30:2:396,48.29,100
34202396,9:30:2:396,48.26,100
34202396,9:30:2:396,48.26,100
34202396,9:30:2:396,48.26,100
34202396,9:30:2:396,48.25,100
34203838,9:30:3:838,48.28,100
34204966,9:30:4:966,48.31,100
34205581,9:30:5:581,48.37,889
34220742,9:30:20:742,48.37,1
34230014,9:30:30:14,48.29,100
34239194,9:30:39:194,48.275,100
34293265,9:31:33:265,48.23,100
34293265,9:31:33:265,48.21,142
34293265,9:31:33:265,48.23,100
34293265,9:31:33:265,48.22,100
34293265,9:31:33:265,48.21,108
34293265,9:31:33:265,48.23,58
34293265,9:31:33:265,48.23,100
34293265,9:31:33:265,48.21,69
34293265,9:31:33:265,48.23,100
34293265,9:31:33:265,48.23,42
34293265,9:31:33:265,48.23,16
34293265,9:31:33:265,48.21,100
34293265,9:31:33:265,48.21,100
34293265,9:31:33:265,48.21,100
34293266,9:31:33:266,48.21,50
34293266,9:31:33:266,48.21,50
34293266,9:31:33:266,48.21,58
34293266,9:31:33:266,48.21,100
34293269,9:31:33:269,48.18,92
34293270,9:31:33:270,48.18,8
34293270,9:31:33:270,48.19,100
34293302,9:31:33:302,48.1963,293
34293633,9:31:33:633,48.18,92
34293633,9:31:33:633,48.18,8
34293633,9:31:33:633,48.18,42
34293634,9:31:33:634,48.18,58
34293634,9:31:33:634,48.18,92
34293634,9:31:33:634,48.18,8
34293634,9:31:33:634,48.19,100
34293634,9:31:33:634,48.18,100
34293637,9:31:33:637,48.18,100
34294046,9:31:34:46,48.21,50
34294046,9:31:34:46,48.21,100
34294046,9:31:34:46,48.21,50
34294046,9:31:34:46,48.2,500
34294049,9:31:34:49,48.21,50
34294049,9:31:34:49,48.21,150
34294049,9:31:34:49,48.21,100
34294055,9:31:34:55,48.21,100
34295048,9:31:35:48,48.23,200
34295057,9:31:35:57,48.28,100
34299544,9:31:39:544,48.27,26
34303109,9:31:43:109,48.29,100
34303109,9:31:43:109,48.29,100
34303110,9:31:43:110,48.28,100
34303110,9:31:43:110,48.29,100
34303110,9:31:43:110,48.29,100
34303115,9:31:43:115,48.28,100
34303116,9:31:43:116,48.31,67
34304924,9:31:44:924,48.31,2000
34304924,9:31:44:924,48.31,100
34304924,9:31:44:924,48.32,33
34304925,9:31:44:925,48.32,67
34359575,9:32:39:575,48.33,1
34392823,9:33:12:823,48.29,100
34393281,9:33:13:281,48.3,500
34404900,9:33:24:900,48.27,29
34419995,9:33:39:995,48.31,2
34419995,9:33:39:995,48.31,100
34419995,9:33:39:995,48.31,98
34419996,9:33:39:996,48.31,26
34420050,9:33:40:50,48.32,100
34420455,9:33:40:455,48.3,86
34443727,9:34:3:727,48.315,100
34443727,9:34:3:727,48.315,100
34443729,9:34:3:729,48.315,100
34443729,9:34:3:729,48.315,100
34443730,9:34:3:730,48.315,100
34446004,9:34:6:4,48.3,100
34446005,9:34:6:5,48.315,100
34446005,9:34:6:5,48.315,100
34451627,9:34:11:627,48.3,100
34451627,9:34:11:627,48.3,100
34451627,9:34:11:627,48.315,100
34451628,9:34:11:628,48.315,100
34451628,9:34:11:628,48.3,109
34451628,9:34:11:628,48.31,100
34451629,9:34:11:629,48.3,62
34451630,9:34:11:630,48.31,38
34451630,9:34:11:630,48.31,100
34451633,9:34:11:633,48.3,100
34451634,9:34:11:634,48.3,100
34451638,9:34:11:638,48.3,100
34454274,9:34:14:274,48.3,100
34454274,9:34:14:274,48.28,100
34454275,9:34:14:275,48.3,100
34454275,9:34:14:275,48.3,200
34454276,9:34:14:276,48.3,200
34454277,9:34:14:277,48.3,400
34454950,9:34:14:950,48.3,27
34466314,9:34:26:314,48.32,100
34466314,9:34:26:314,48.32,100
34466314,9:34:26:314,48.32,200
34466321,9:34:26:321,48.32,200
34466324,9:34:26:324,48.32,100
34467246,9:34:27:246,48.33,300
34467246,9:34:27:246,48.33,100
34479742,9:34:39:742,48.34,100
34479742,9:34:39:742,48.34,100
34479742,9:34:39:742,48.34,100
34479742,9:34:39:742,48.34,100
34479743,9:34:39:743,48.34,100
34479743,9:34:39:743,48.34,100
34479744,9:34:39:744,48.34,41
34479760,9:34:39:760,48.36,600
34481160,9:34:41:160,48.325,100
34489446,9:34:49:446,48.33,100
34489447,9:34:49:447,48.32,200
34489447,9:34:49:447,48.32,500
34489447,9:34:49:447,48.32,100
34489447,9:34:49:447,48.34,100
34489450,9:34:49:450,48.33,100
34489452,9:34:49:452,48.335,100
34489452,9:34:49:452,48.32,100
34489452,9:34:49:452,48.32,100
34489454,9:34:49:454,48.31,200
34489454,9:34:49:454,48.31,189
34489460,9:34:49:460,48.3,200
34489460,9:34:49:460,48.3,100
34489476,9:34:49:476,48.32,100
34489476,9:34:49:476,48.32,100
34489476,9:34:49:476,48.32,100
34489478,9:34:49:478,48.32,100
34489831,9:34:49:831,48.34,200
34489831,9:34:49:831,48.34,100
34491244,9:34:51:244,48.33,100
34491244,9:34:51:244,48.34,100
34494644,9:34:54:644,48.32,100
34494985,9:34:54:985,48.29,74
34494985,9:34:54:985,48.29,26
34501682,9:35:1:682,48.2701,21
34501783,9:35:1:783,48.31,2
34515054,9:35:15:54,48.28,1
34515054,9:35:15:54,48.285,100
34515054,9:35:15:54,48.27,100
34515054,9:35:15:54,48.29,300
34515055,9:35:15:55,48.285,100
34515055,9:35:15:55,48.29,200
34515115,9:35:15:115,48.285,100
34520040,9:35:20:40,48.27,300
34520040,9:35:20:40,48.285,100
34520041,9:35:20:41,48.285,100
34520041,9:35:20:41,48.27,200
34520041,9:35:20:41,48.285,100
34520109,9:35:20:109,48.285,400
34520111,9:35:20:111,48.27,100
34520120,9:35:20:120,48.28,200
34520184,9:35:20:184,48.26,21
34520184,9:35:20:184,48.26,179
34520186,9:35:20:186,48.28,400
34520217,9:35:20:217,48.26,17
34520217,9:35:20:217,48.26,100
34520218,9:35:20:218,48.26,92
34520218,9:35:20:218,48.26,100
34520219,9:35:20:219,48.28,100
34520219,9:35:20:219,48.28,40
34520219,9:35:20:219,48.26,100
34520219,9:35:20:219,48.26,100
34520221,9:35:20:221,48.26,100
34520704,9:35:20:704,48.285,100
34527253,9:35:27:253,48.245,100
34527455,9:35:27:455,48.26,100
34528106,9:35:28:106,48.25,100
34536505,9:35:36:505,48.25,100
34537240,9:35:37:240,48.225,200
34537384,9:35:37:384,48.2,91
34537384,9:35:37:384,48.2,9
34537384,9:35:37:384,48.21,100
34537384,9:35:37:384,48.2,100
34542976,9:35:42:976,48.215,100
34544366,9:35:44:366,48.18,100
34544366,9:35:44:366,48.18,100
34544368,9:35:44:368,48.2,100
34544368,9:35:44:368,48.2,100
34548375,9:35:48:375,48.2,100
34550448,9:35:50:448,48.175,81
34550455,9:35:50:455,48.175,100
34551962,9:35:51:962,48.18,100
34551969,9:35:51:969,48.18,100
34551970,9:35:51:970,48.18,100
34551970,9:35:51:970,48.18,200
34551973,9:35:51:973,48.18,100
34552031,9:35:52:31,48.18,100
34556486,9:35:56:486,48.2,100
34556486,9:35:56:486,48.2,200
34557143,9:35:57:143,48.2,100
34557144,9:35:57:144,48.22,100
34557148,9:35:57:148,48.23,100
34559399,9:35:59:399,48.25,100
34562210,9:36:2:210,48.225,300
34562213,9:36:2:213,48.24,100
34562213,9:36:2:213,48.24,200
34562213,9:36:2:213,48.26,200
34562214,9:36:2:214,48.26,100
34562391,9:36:2:391,48.24,300
34563758,9:36:3:758,48.23,100
34568919,9:36:8:919,48.2689,1
34601293,9:36:41:293,48.28,100
34667001,9:37:47:1,48.255,100
34669477,9:37:49:477,48.26,500
34669479,9:37:49:479,48.265,100
34669480,9:37:49:480,48.27,100
34669489,9:37:49:489,48.27,100
34673255,9:37:53:255,48.29,100
34673255,9:37:53:255,48.29,100
34673256,9:37:53:256,48.29,100
34677525,9:37:57:525,48.28,300
34682763,9:38:2:763,48.3,100
34682772,9:38:2:772,48.3,100
34686072,9:38:6:72,48.305,100
34686471,9:38:6:471,48.32,21
34687357,9:38:7:357,48.305,300
34687359,9:38:7:359,48.29,400
34687359,9:38:7:359,48.305,100
34687402,9:38:7:402,48.31,100
34687404,9:38:7:404,48.3,100
34687404,9:38:7:404,48.31,100
34694118,9:38:14:118,48.29,100
34694118,9:38:14:118,48.29,200
34694119,9:38:14:119,48.295,100
34694200,9:38:14:200,48.3,4
34694200,9:38:14:200,48.29,100
34694232,9:38:14:232,48.29,100
34694232,9:38:14:232,48.29,200
34696126,9:38:16:126,48.295,100
34697909,9:38:17:909,48.29,500
34698903,9:38:18:903,48.3,100
34705561,9:38:25:561,48.3,100
34705562,9:38:25:562,48.3,200
34705564,9:38:25:564,48.3,100
34705578,9:38:25:578,48.3,100
34705673,9:38:25:673,48.3,100
34705673,9:38:25:673,48.3,100
34705794,9:38:25:794,48.3,100
34710540,9:38:30:540,48.31,100
34710540,9:38:30:540,48.31,100
34712764,9:38:32:764,48.31,100
34713151,9:38:33:151,48.31,100
34714822,9:38:34:822,48.31,100
34717745,9:38:37:745,48.32,100
34717749,9:38:37:749,48.32,100
34717754,9:38:37:754,48.32,300
34717758,9:38:37:758,48.32,400
34717833,9:38:37:833,48.32,100
34717834,9:38:37:834,48.32,300
34717834,9:38:37:834,48.32,100
34718804,9:38:38:804,48.33,100
34718835,9:38:38:835,48.33,100
34719293,9:38:39:293,48.34,100
34719293,9:38:39:293,48.34,57
34719293,9:38:39:293,48.34,100
34719296,9:38:39:296,48.35,100
34719296,9:38:39:296,48.35,100
34719412,9:38:39:412,48.33,99
34720392,9:38:40:392,48.36,100
34720652,9:38:40:652,48.36,100
34720653,9:38:40:653,48.36,100
34720653,9:38:40:653,48.36,57
34723143,9:38:43:143,48.385,2100
34724031,9:38:44:31,48.38,100
34724213,9:38:44:213,48.37,100
34724214,9:38:44:214,48.37,100
34724217,9:38:44:217,48.37,100
34735514,9:38:55:514,48.375,100
34735516,9:38:55:516,48.36,300
34735657,9:38:55:657,48.375,100
34749857,9:39:9:857,48.35,400
34749857,9:39:9:857,48.35,100
34749857,9:39:9:857,48.34,100
34749858,9:39:9:858,48.37,100
34752093,9:39:12:93,48.3862,1030
34752093,9:39:12:93,48.375,200
34754596,9:39:14:596,48.375,150
34754860,9:39:14:860,48.36,200
34754860,9:39:14:860,48.35,100
34754862,9:39:14:862,48.35,100
34754863,9:39:14:863,48.35,100
34754975,9:39:14:975,48.35,100
34754975,9:39:14:975,48.34,100
34770018,9:39:30:18,48.34,78
34770018,9:39:30:18,48.34,22
34772211,9:39:32:211,48.35,100
34772213,9:39:32:213,48.34,100
34774168,9:39:34:168,48.36,100
34774171,9:39:34:171,48.36,100
34774174,9:39:34:174,48.36,100
34774183,9:39:34:183,48.36,100
34774240,9:39:34:240,48.36,100
34774240,9:39:34:240,48.36,100
34774848,9:39:34:848,48.36,100
34781964,9:39:41:964,48.39,100
34781964,9:39:41:964,48.39,100
34781972,9:39:41:972,48.39,100
34783040,9:39:43:40,48.4,100
34786862,9:39:46:862,48.4,500
34829602,9:40:29:602,48.36,100
34829603,9:40:29:603,48.36,51
34829603,9:40:29:603,48.36,1
34829603,9:40:29:603,48.36,46
34829603,9:40:29:603,48.36,46
34829606,9:40:29:606,48.37,100
34829607,9:40:29:607,48.37,100
34829607,9:40:29:607,48.375,100
34834131,9:40:34:131,48.36,100
34834133,9:40:34:133,48.36,100
34835853,9:40:35:853,48.36,100
34835853,9:40:35:853,48.36,100
34845757,9:40:45:757,48.35,99
34845764,9:40:45:764,48.36,100
34845764,9:40:45:764,48.36,100
34845764,9:40:45:764,48.35,100
34845767,9:40:45:767,48.36,100
34845767,9:40:45:767,48.36,100
34845900,9:40:45:900,48.35,100
34845900,9:40:45:900,48.35,100
34845901,9:40:45:901,48.36,200
34854445,9:40:54:445,48.35,100
34855818,9:40:55:818,48.35,27
34855886,9:40:55:886,48.35,9
34855931,9:40:55:931,48.35,101
34855981,9:40:55:981,48.35,8
34856042,9:40:56:42,48.35,102
34856076,9:40:56:76,48.35,7
34856136,9:40:56:136,48.35,15
34857944,9:40:57:944,48.36,200
34860011,9:41:0:11,48.36,2
34860512,9:41:0:512,48.36,99
34860512,9:41:0:512,48.36,100
34860617,9:41:0:617,48.36,150
34860617,9:41:0:617,48.36,50
34869238,9:41:9:238,48.36,200
34871013,9:41:11:13,48.36,100
34872856,9:41:12:856,48.36,200
34872906,9:41:12:906,48.355,100
34873298,9:41:13:298,48.355,100
34873298,9:41:13:298,48.355,200
34878114,9:41:18:114,48.35,100
34878115,9:41:18:115,48.355,200
34878115,9:41:18:115,48.355,200
34878117,9:41:18:117,48.355,200
34879301,9:41:19:301,48.355,200
34879386,9:41:19:386,48.355,200
34881775,9:41:21:775,48.35,73
34881776,9:41:21:776,48.35,10
34881788,9:41:21:788,48.355,100
34881791,9:41:21:791,48.355,100
34881799,9:41:21:799,48.35,90
34881800,9:41:21:800,48.355,200
34881804,9:41:21:804,48.35,100
34881806,9:41:21:806,48.35,100
34882578,9:41:22:578,48.355,100
34882578,9:41:22:578,48.355,200
34887302,9:41:27:302,48.36,100
34887303,9:41:27:303,48.36,400
34887303,9:41:27:303,48.36,100
34887303,9:41:27:303,48.36,100
34887303,9:41:27:303,48.36,100
34887303,9:41:27:303,48.36,100
34887304,9:41:27:304,48.37,100
34887304,9:41:27:304,48.37,100
34887304,9:41:27:304,48.37,100
34887304,9:41:27:304,48.37,100
34887304,9:41:27:304,48.37,3
34887304,9:41:27:304,48.37,100
34887305,9:41:27:305,48.37,100
34887305,9:41:27:305,48.37,100
34887310,9:41:27:310,48.36,100
34887311,9:41:27:311,48.36,200
34887311,9:41:27:311,48.38,100
34887311,9:41:27:311,48.38,200
34888570,9:41:28:570,48.36,100
34888572,9:41:28:572,48.35,100
34899689,9:41:39:689,48.36,201
34899695,9:41:39:695,48.37,100
34899695,9:41:39:695,48.37,100
34899695,9:41:39:695,48.37,200
34899701,9:41:39:701,48.37,100
34920655,9:42:0:655,48.35,8
34948978,9:42:28:978,48.37,19
34958381,9:42:38:381,48.37,200
34967279,9:42:47:279,48.375,100
34975025,9:42:55:25,48.36,200
34975025,9:42:55:25,48.36,300
34975029,9:42:55:29,48.37,100
34975663,9:42:55:663,48.37,100
34975663,9:42:55:663,48.37,100
34977036,9:42:57:36,48.37,100
34977042,9:42:57:42,48.37,100
34977043,9:42:57:43,48.37,100
34977044,9:42:57:44,48.37,100
34977045,9:42:57:45,48.37,100
34977046,9:42:57:46,48.37,100
34977069,9:42:57:69,48.37,100
34977128,9:42:57:128,48.37,200
34977128,9:42:57:128,48.37,100
34983017,9:43:3:17,48.4,100
34983017,9:43:3:17,48.4,100
34989644,9:43:9:644,48.39,100
34989652,9:43:9:652,48.39,100
34989654,9:43:9:654,48.39,108
34989655,9:43:9:655,48.39,200
34989680,9:43:9:680,48.41,100
34989681,9:43:9:681,48.41,100
34989691,9:43:9:691,48.41,100
34989693,9:43:9:693,48.42,100
34989693,9:43:9:693,48.42,100
34989693,9:43:9:693,48.42,100
34989694,9:43:9:694,48.43,100
34989694,9:43:9:694,48.43,100
34990212,9:43:10:212,48.4,1100
34994016,9:43:14:16,48.4,100
34994406,9:43:14:406,48.39,200
34999986,9:43:19:986,48.39,400
34999986,9:43:19:986,48.39,100
34999988,9:43:19:988,48.395,100
35000018,9:43:20:18,48.39,100
35000018,9:43:20:18,48.39,100
35000020,9:43:20:20,48.39,100
35003267,9:43:23:267,48.39,100
35003267,9:43:23:267,48.39,150
35003267,9:43:23:267,48.39,100
35003267,9:43:23:267,48.39,50
35003268,9:43:23:268,48.4,100
35003268,9:43:23:268,48.4,100
35003273,9:43:23:273,48.39,100
35003770,9:43:23:770,48.42,100
35016161,9:43:36:161,48.4,100
35022643,9:43:42:643,48.415,100
35047245,9:44:7:245,48.415,100
35047247,9:44:7:247,48.4,500
35047247,9:44:7:247,48.4,100
35050740,9:44:10:740,48.395,100
35050874,9:44:10:874,48.4,10
35052303,9:44:12:303,48.39,100
35054066,9:44:14:66,48.39,1
35054693,9:44:14:693,48.39,100
35062721,9:44:22:721,48.38,200
35062721,9:44:22:721,48.38,100
35062721,9:44:22:721,48.38,200
35062721,9:44:22:721,48.38,200
35062721,9:44:22:721,48.38,200
35062721,9:44:22:721,48.38,100
35062721,9:44:22:721,48.385,100
35062723,9:44:22:723,48.385,100
35062723,9:44:22:723,48.38,100
35062725,9:44:22:725,48.385,100
35062725,9:44:22:725,48.38,100
35062978,9:44:22:978,48.39,100
35062978,9:44:22:978,48.39,37
35062978,9:44:22:978,48.39,63
35062978,9:44:22:978,48.39,100
35062978,9:44:22:978,48.39,37
35062978,9:44:22:978,48.39,63
35062981,9:44:22:981,48.39,100
35062981,9:44:22:981,48.39,100
35071909,9:44:31:909,48.37,100
35071914,9:44:31:914,48.37,100
35071919,9:44:31:919,48.37,100
35071924,9:44:31:924,48.37,200
35071928,9:44:31:928,48.37,100
35071942,9:44:31:942,48.37,200
35072007,9:44:32:7,48.37,100
35073449,9:44:33:449,48.37,200
35073451,9:44:33:451,48.37,100
35073451,9:44:33:451,48.37,100
35073451,9:44:33:451,48.365,200
35073451,9:44:33:451,48.36,100
35073451,9:44:33:451,48.37,100
35073451,9:44:33:451,48.36,100
35073451,9:44:33:451,48.365,100
35073451,9:44:33:451,48.36,200
35073451,9:44:33:451,48.375,100
35073451,9:44:33:451,48.375,100
35073451,9:44:33:451,48.37,100
35073451,9:44:33:451,48.365,100
35073451,9:44:33:451,48.365,100
35073452,9:44:33:452,48.37,100
35073452,9:44:33:452,48.375,100
35073453,9:44:33:453,48.38,100
35073453,9:44:33:453,48.365,100
35073455,9:44:33:455,48.3798,100
35073455,9:44:33:455,48.3698,200
35073455,9:44:33:455,48.3793,100
35073456,9:44:33:456,48.3798,100
35073456,9:44:33:456,48.3798,100
35073456,9:44:33:456,48.3793,100
35073456,9:44:33:456,48.3793,100
35073519,9:44:33:519,48.37,100
35073533,9:44:33:533,48.37,100
35080269,9:44:40:269,48.39,100
35081612,9:44:41:612,48.38,100
35083344,9:44:43:344,48.37,100
35087054,9:44:47:54,48.4,100
35087872,9:44:47:872,48.39,100
35087873,9:44:47:873,48.39,100
35087904,9:44:47:904,48.38,100
35088290,9:44:48:290,48.39,100
35088291,9:44:48:291,48.39,100
35088291,9:44:48:291,48.39,100
35088291,9:44:48:291,48.39,100
35088293,9:44:48:293,48.39,200
35089051,9:44:49:51,48.39,2
35091478,9:44:51:478,48.41,500
35092549,9:44:52:549,48.41,8
35092549,9:44:52:549,48.41,193
35096014,9:44:56:14,48.42,100
35096014,9:44:56:14,48.42,100
35096019,9:44:56:19,48.42,100
35099301,9:44:59:301,48.43,100
35099301,9:44:59:301,48.43,100
35099309,9:44:59:309,48.43,100
35100276,9:45:0:276,48.41,3
35103222,9:45:3:222,48.435,100
35103223,9:45:3:223,48.435,100
35103225,9:45:3:225,48.42,100
35103226,9:45:3:226,48.42,100
35103411,9:45:3:411,48.42,200
35103834,9:45:3:834,48.42,23
35108899,9:45:8:899,48.42,100
35108899,9:45:8:899,48.42,100
35108899,9:45:8:899,48.42,100
35108901,9:45:8:901,48.41,500
35108901,9:45:8:901,48.41,100
35108901,9:45:8:901,48.41,100
35111680,9:45:11:680,48.43,100
35113005,9:45:13:5,48.42,300
35113006,9:45:13:6,48.42,200
35113006,9:45:13:6,48.4105,200
35113009,9:45:13:9,48.4105,300
35114137,9:45:14:137,48.38,55
35115568,9:45:15:568,48.4,1
35115581,9:45:15:581,48.4,100
35116022,9:45:16:22,48.4,1700
35121396,9:45:21:396,48.39,100
35122840,9:45:22:840,48.39,100
35124989,9:45:24:989,48.4,100
35124992,9:45:24:992,48.41,100
35124996,9:45:24:996,48.41,15
35124996,9:45:24:996,48.42,1
35124996,9:45:24:996,48.42,3
35124996,9:45:24:996,48.42,100
35124996,9:45:24:996,48.42,100
35124996,9:45:24:996,48.42,100
35124996,9:45:24:996,48.42,400
35125002,9:45:25:2,48.43,100
35125002,9:45:25:2,48.43,100
35125002,9:45:25:2,48.43,100
35125002,9:45:25:2,48.43,100
35125002,9:45:25:2,48.43,100
35125002,9:45:25:2,48.42,100
35125008,9:45:25:8,48.45,100
35125008,9:45:25:8,48.45,100
35125008,9:45:25:8,48.45,200
35125010,9:45:25:10,48.46,38
35125012,9:45:25:12,48.47,600
35125012,9:45:25:12,48.47,100
35125013,9:45:25:13,48.47,1200
35125013,9:45:25:13,48.47,200
35125013,9:45:25:13,48.47,100
35125016,9:45:25:16,48.47,57
35125019,9:45:25:19,48.48,200
35125019,9:45:25:19,48.48,100
35125019,9:45:25:19,48.48,100
35125019,9:45:25:19,48.48,100
35125019,9:45:25:19,48.48,100
35125019,9:45:25:19,48.48,300
35125022,9:45:25:22,48.49,336
35125310,9:45:25:310,48.44,100
35125567,9:45:25:567,48.47,75
35125808,9:45:25:808,48.42,100
35125814,9:45:25:814,48.41,1
35126709,9:45:26:709,48.47,5
35127788,9:45:27:788,48.37,200
35131273,9:45:31:273,48.395,400
35144261,9:45:44:261,48.41,1
35144261,9:45:44:261,48.42,99
35144262,9:45:44:262,48.41,1
35144262,9:45:44:262,48.42,36
35144262,9:45:44:262,48.42,1
35144262,9:45:44:262,48.42,1
35144262,9:45:44:262,48.43,77
35144262,9:45:44:262,48.43,23
35144529,9:45:44:529,48.42,101
35144530,9:45:44:530,48.42,99
35144530,9:45:44:530,48.42,1
35144530,9:45:44:530,48.42,38
35144530,9:45:44:530,48.42,1
35144530,9:45:44:530,48.42,38
35144531,9:45:44:531,48.42,100
35144531,9:45:44:531,48.42,100
35144531,9:45:44:531,48.42,100
35144531,9:45:44:531,48.42,100
35155012,9:45:55:12,48.43,100
35157313,9:45:57:313,48.425,100
35159338,9:45:59:338,48.425,100
35190713,9:46:30:713,48.41,2
35202756,9:46:42:756,48.4,100
35240891,9:47:20:891,48.41,1
35247368,9:47:27:368,48.405,100
35266931,9:47:46:931,48.41,98
35271026,9:47:51:26,48.39,300
35273217,9:47:53:217,48.395,100
35277138,9:47:57:138,48.39,100
35277138,9:47:57:138,48.39,100
35277138,9:47:57:138,48.39,10
35277140,9:47:57:140,48.38,300
35277140,9:47:57:140,48.385,100
35277140,9:47:57:140,48.385,100
35277141,9:47:57:141,48.385,100
35277141,9:47:57:141,48.385,100
35277142,9:47:57:142,48.385,300
35277142,9:47:57:142,48.385,4
35277142,9:47:57:142,48.385,100
35277142,9:47:57:142,48.385,100
35277143,9:47:57:143,48.385,4
35277144,9:47:57:144,48.39,100
35277145,9:47:57:145,48.385,100
35277145,9:47:57:145,48.385,300
35277146,9:47:57:146,48.385,605
35277149,9:47:57:149,48.385,100
35277206,9:47:57:206,48.385,100
35277269,9:47:57:269,48.385,100
35277320,9:47:57:320,48.385,100
35277434,9:47:57:434,48.395,100
35279002,9:47:59:2,48.385,100
35279005,9:47:59:5,48.38,100
35279005,9:47:59:5,48.385,100
35280032,9:48:0:32,48.385,100
35282205,9:48:2:205,48.385,100
35282207,9:48:2:207,48.385,100
35282238,9:48:2:238,48.385,100
35282240,9:48:2:240,48.385,11
35282586,9:48:2:586,48.385,100
35283067,9:48:3:67,48.385,100
35283706,9:48:3:706,48.385,100
35286946,9:48:6:946,48.39,100
35286953,9:48:6:953,48.39,100
35286956,9:48:6:956,48.39,100
35286956,9:48:6:956,48.39,200
35291110,9:48:11:110,48.4,48
35291110,9:48:11:110,48.4,52
35291110,9:48:11:110,48.4,100
35291110,9:48:11:110,48.4,100
35300948,9:48:20:948,48.4,100
35314893,9:48:34:893,48.3982,256
35349229,9:49:9:229,48.41,1
35349229,9:49:9:229,48.41,100
35349229,9:49:9:229,48.41,176
35349229,9:49:9:229,48.41,294
35349229,9:49:9:229,48.41,30
35349229,9:49:9:229,48.41,100
35349230,9:49:9:230,48.42,68
35349230,9:49:9:230,48.42,7
35349230,9:49:9:230,48.42,10
35349230,9:49:9:230,48.42,93
35349230,9:49:9:230,48.42,12
35349230,9:49:9:230,48.42,300
35349231,9:49:9:231,48.42,7
35349231,9:49:9:231,48.42,71
35378775,9:49:38:775,48.45,100
35400528,9:50:0:528,48.46,100
35400528,9:50:0:528,48.46,100
35400528,9:50:0:528,48.46,100
35401498,9:50:1:498,48.46,21
35406291,9:50:6:291,48.46,100
35406291,9:50:6:291,48.46,100
35421204,9:50:21:204,48.46,100
35426608,9:50:26:608,48.46,100
35438316,9:50:38:316,48.46,100
35439108,9:50:39:108,48.46,100
35439108,9:50:39:108,48.46,100
35439108,9:50:39:108,48.46,100
35439116,9:50:39:116,48.46,1
35440082,9:50:40:82,48.46,100
35479147,9:51:19:147,48.47,200
35479147,9:51:19:147,48.47,100
35479147,9:51:19:147,48.47,100
35479148,9:51:19:148,48.47,100
35479149,9:51:19:149,48.48,100
35479149,9:51:19:149,48.48,100
35479150,9:51:19:150,48.46,200
35479150,9:51:19:150,48.46,100
35479150,9:51:19:150,48.46,100
35479150,9:51:19:150,48.46,100
35479150,9:51:19:150,48.46,100
35479150,9:51:19:150,48.485,100
35479150,9:51:19:150,48.47,100
35479838,9:51:19:838,48.45,200
35479897,9:51:19:897,48.45,1
35486011,9:51:26:11,48.43,35
35513511,9:51:53:511,48.42,100
35532573,9:52:12:573,48.4,100
35533011,9:52:13:11,48.39,100
35540708,9:52:20:708,48.385,100
35544283,9:52:24:283,48.385,100
35547679,9:52:27:679,48.39,200
35552356,9:52:32:356,48.37,100
35552361,9:52:32:361,48.37,100
35552363,9:52:32:363,48.37,100
35552366,9:52:32:366,48.37,100
35552367,9:52:32:367,48.37,100
35552406,9:52:32:406,48.37,500
35556347,9:52:36:347,48.37,100
35557148,9:52:37:148,48.37,100
35557149,9:52:37:149,48.37,100
35557154,9:52:37:154,48.37,200
35557161,9:52:37:161,48.37,100
35557210,9:52:37:210,48.37,500
35561625,9:52:41:625,48.37,200
35561626,9:52:41:626,48.37,100
35561693,9:52:41:693,48.37,100
35561694,9:52:41:694,48.37,100
35561694,9:52:41:694,48.37,251
35561694,9:52:41:694,48.37,49
35561694,9:52:41:694,48.37,100
35561695,9:52:41:695,48.38,100
35561695,9:52:41:695,48.38,17
35561695,9:52:41:695,48.38,25
35561695,9:52:41:695,48.38,83
35561695,9:52:41:695,48.38,17
35561695,9:52:41:695,48.38,100
35561704,9:52:41:704,48.36,100
35563211,9:52:43:211,48.38,100
35563211,9:52:43:211,48.38,100
35564067,9:52:44:67,48.38,83
35564067,9:52:44:67,48.38,100
35564067,9:52:44:67,48.38,17
35564072,9:52:44:72,48.38,100
35565524,9:52:45:524,48.41,100
35565525,9:52:45:525,48.4,26
35566952,9:52:46:952,48.395,100
35566954,9:52:46:954,48.395,100
35566954,9:52:46:954,48.395,100
35566972,9:52:46:972,48.395,200
35567005,9:52:47:5,48.395,100
35567160,9:52:47:160,48.395,100
35569651,9:52:49:651,48.4,1200
35569864,9:52:49:864,48.4,800
35569968,9:52:49:968,48.4,100
35618265,9:53:38:265,48.38,100
35621480,9:53:41:480,48.38,100
35624362,9:53:44:362,48.38,100
35624368,9:53:44:368,48.38,100
35624369,9:53:44:369,48.38,100
35624381,9:53:44:381,48.38,100
35624385,9:53:44:385,48.38,200
35624441,9:53:44:441,48.38,100
35627583,9:53:47:583,48.39,100
35630850,9:53:50:850,48.385,500
35631018,9:53:51:18,48.37,500
35653551,9:54:13:551,48.37,100
35653561,9:54:13:561,48.37,100
35653643,9:54:13:643,48.37,100
35656697,9:54:16:697,48.37,400
35656717,9:54:16:717,48.37,57
35656718,9:54:16:718,48.37,43
35656799,9:54:16:799,48.37,57
35656799,9:54:16:799,48.37,43
35661141,9:54:21:141,48.38,100
35668208,9:54:28:208,48.37,100
35668208,9:54:28:208,48.38,100
35668209,9:54:28:209,48.38,100
35668209,9:54:28:209,48.38,100
35668210,9:54:28:210,48.385,100
35668210,9:54:28:210,48.385,100
35668211,9:54:28:211,48.39,100
35680144,9:54:40:144,48.39,9
35698679,9:54:58:679,48.38,100
35703107,9:55:3:107,48.4,100
35719171,9:55:19:171,48.39,100
35722694,9:55:22:694,48.385,200
35722697,9:55:22:697,48.385,200
35722699,9:55:22:699,48.38,100
35722699,9:55:22:699,48.38,100
35722976,9:55:22:976,48.37,400
35732000,9:55:32:0,48.38,98
35732007,9:55:32:7,48.38,200
35732007,9:55:32:7,48.38,200
35732008,9:55:32:8,48.38,200
35732008,9:55:32:8,48.38,302
35734969,9:55:34:969,48.38,100
35737491,9:55:37:491,48.38,291
35737658,9:55:37:658,48.38,50
35737775,9:55:37:775,48.39,100
35739060,9:55:39:60,48.39,100
35740642,9:55:40:642,48.39,100
35740642,9:55:40:642,48.39,100
35746074,9:55:46:74,48.38,10
35747907,9:55:47:907,48.39,100
35750760,9:55:50:760,48.38,300
35751929,9:55:51:929,48.38,100
35751932,9:55:51:932,48.3705,100
35751956,9:55:51:956,48.38,300
35751957,9:55:51:957,48.3705,100
35751959,9:55:51:959,48.3705,300
35751964,9:55:51:964,48.38,100
35751967,9:55:51:967,48.3705,100
35751971,9:55:51:971,48.3705,100
35751974,9:55:51:974,48.38,100
35751974,9:55:51:974,48.38,100
35751974,9:55:51:974,48.38,100
35751974,9:55:51:974,48.3705,100
35751980,9:55:51:980,48.3705,100
35751984,9:55:51:984,48.38,100
35762313,9:56:2:313,48.38,3
35770544,9:56:10:544,48.38,97
35770552,9:56:10:552,48.38,3
35777661,9:56:17:661,48.38,8
35777662,9:56:17:662,48.37,57
35777662,9:56:17:662,48.38,100
35777662,9:56:17:662,48.37,100
35777662,9:56:17:662,48.38,100
35777662,9:56:17:662,48.38,100
35777662,9:56:17:662,48.38,100
35777662,9:56:17:662,48.37,292
35777662,9:56:17:662,48.38,100
35777662,9:56:17:662,48.38,100
35777662,9:56:17:662,48.37,292
35777662,9:56:17:662,48.38,100
35777662,9:56:17:662,48.37,349
35777662,9:56:17:662,48.37,292
35777662,9:56:17:662,48.38,100
35777662,9:56:17:662,48.38,100
35777662,9:56:17:662,48.38,100
35777662,9:56:17:662,48.37,349
35777663,9:56:17:663,48.38,100
35777663,9:56:17:663,48.38,100
35777667,9:56:17:667,48.37,174
35777667,9:56:17:667,48.37,26
35777672,9:56:17:672,48.37,100
35777672,9:56:17:672,48.38,100
35777683,9:56:17:683,48.37,20
35781422,9:56:21:422,48.3885,133
35785897,9:56:25:897,48.38,100
35785899,9:56:25:899,48.38,100
35791002,9:56:31:2,48.38,100
35791002,9:56:31:2,48.38,100
35791002,9:56:31:2,48.38,100
35791012,9:56:31:12,48.38,100
35791018,9:56:31:18,48.38,100
35791025,9:56:31:25,48.39,100
35791036,9:56:31:36,48.39,100
35791073,9:56:31:73,48.38,100
35817528,9:56:57:528,48.39,10
35817528,9:56:57:528,48.39,100
35817529,9:56:57:529,48.4,100
35817529,9:56:57:529,48.4,90
35828121,9:57:8:121,48.39,1
35828121,9:57:8:121,48.39,100
35828121,9:57:8:121,48.39,300
35834216,9:57:14:216,48.39,200
35837919,9:57:17:919,48.39,100
35841016,9:57:21:16,48.39,100
35841143,9:57:21:143,48.395,200
35849947,9:57:29:947,48.39,100
35894466,9:58:14:466,48.3905,223
35914323,9:58:34:323,48.39,100
35914324,9:58:34:324,48.39,108
35914324,9:58:34:324,48.39,200
35914324,9:58:34:324,48.39,200
35914324,9:58:34:324,48.39,200
35914324,9:58:34:324,48.395,55
35914324,9:58:34:324,48.395,55
35914324,9:58:34:324,48.395,55
35914324,9:58:34:324,48.395,55
35914324,9:58:34:324,48.39,200
35914324,9:58:34:324,48.395,55
35914324,9:58:34:324,48.395,55
35914324,9:58:34:324,48.395,55
35914324,9:58:34:324,48.395,55
35914324,9:58:34:324,48.395,55
35914324,9:58:34:324,48.395,55
35914325,9:58:34:325,48.395,55
35914325,9:58:34:325,48.395,200
35914325,9:58:34:325,48.39,55
35914337,9:58:34:337,48.39,300
35915395,9:58:35:395,48.39,200
35949083,9:59:9:83,48.38,4
35951475,9:59:11:475,48.38,100
35951475,9:59:11:475,48.38,96
35951475,9:59:11:475,48.38,80
35951475,9:59:11:475,48.38,96
35953513,9:59:13:513,48.37,45
35953513,9:59:13:513,48.37,100
35953513,9:59:13:513,48.37,21
35953524,9:59:13:524,48.38,100
35953530,9:59:13:530,48.38,200
35956480,9:59:16:480,48.37,100
35956480,9:59:16:480,48.37,100
35956480,9:59:16:480,48.37,100
35956494,9:59:16:494,48.38,100
35956638,9:59:16:638,48.38,100
35957487,9:59:17:487,48.38,72
35959750,9:59:19:750,48.38,20
35969069,9:59:29:69,48.37,100
35969069,9:59:29:69,48.37,100
35969069,9:59:29:69,48.37,100
35969069,9:59:29:69,48.37,100
35970009,9:59:30:9,48.375,3
35973266,9:59:33:266,48.375,200
35973478,9:59:33:478,48.37,100
35973478,9:59:33:478,48.37,100
35973478,9:59:33:478,48.37,100
35973482,9:59:33:482,48.37,200
35973485,9:59:33:485,48.37,200
35973486,9:59:33:486,48.37,100
35973486,9:59:33:486,48.37,234
35973486,9:59:33:486,48.37,100
35973486,9:59:33:486,48.37,100
35973486,9:59:33:486,48.37,100
35973493,9:59:33:493,48.37,83
35973550,9:59:33:550,48.38,100
35973629,9:59:33:629,48.38,100
35973668,9:59:33:668,48.375,100
35977320,9:59:37:320,48.38,100
35977330,9:59:37:330,48.38,100
35977331,9:59:37:331,48.38,100
35977332,9:59:37:332,48.38,100
35977342,9:59:37:342,48.38,100
35984779,9:59:44:779,48.375,100
35984810,9:59:44:810,48.37,100
35984810,9:59:44:810,48.37,100
35985953,9:59:45:953,48.375,100
35985957,9:59:45:957,48.3798,100
35991153,9:59:51:153,48.37,100
35991155,9:59:51:155,48.37,100
35992346,9:59:52:346,48.38,1000
35992457,9:59:52:457,48.37,100
35992666,9:59:52:666,48.37,100
35993792,9:59:53:792,48.38,100
35993793,9:59:53:793,48.38,100
35993797,9:59:53:797,48.38,100
35993819,9:59:53:819,48.38,100
35993847,9:59:53:847,48.38,100
35993847,9:59:53:847,48.38,100
35993848,9:59:53:848,48.38,100
35994003,9:59:54:3,48.39,12
35994136,9:59:54:136,48.39,100
35994161,9:59:54:161,48.375,100
35994234,9:59:54:234,48.375,100
35995221,9:59:55:221,48.39,100
35995221,9:59:55:221,48.39,100
35995221,9:59:55:221,48.39,100
35995221,9:59:55:221,48.39,100
35995221,9:59:55:221,48.39,100
35995340,9:59:55:340,48.39,100
35995348,9:59:55:348,48.39,100
35995660,9:59:55:660,48.375,100
35995760,9:59:55:760,48.39,100
35995760,9:59:55:760,48.39,100
35995760,9:59:55:760,48.39,103
35995762,9:59:55:762,48.39,197
35995762,9:59:55:762,48.39,103
35996221,9:59:56:221,48.42,100
35996221,9:59:56:221,48.42,200
35996221,9:59:56:221,48.42,200
35996221,9:59:56:221,48.4,18
35996221,9:59:56:221,48.42,100
35996221,9:59:56:221,48.4,1
35996221,9:59:56:221,48.42,100
35996221,9:59:56:221,48.42,82
35996221,9:59:56:221,48.42,18
35996221,9:59:56:221,48.42,17
35997221,9:59:57:221,48.43,100
35997222,9:59:57:222,48.43,100
35997222,9:59:57:222,48.43,100
35997228,9:59:57:228,48.43,100
35997291,9:59:57:291,48.43,200
35997337,9:59:57:337,48.43,200
35999171,9:59:59:171,48.42,100
35999173,9:59:59:173,48.4,100
35999174,9:59:59:174,48.42,100
35999177,9:59:59:177,48.4,100
35999253,9:59:59:253,48.41,400
35999254,9:59:59:254,48.41,400
35999255,9:59:59:255,48.4001,400
35999256,9:59:59:256,48.41,800
35999257,9:59:59:257,48.4001,400
35999260,9:59:59:260,48.4001,800
35999574,9:59:59:574,48.4,800
35999588,9:59:59:588,48.4,91
35999670,9:59:59:670,48.4,100
35999672,9:59:59:672,48.4,100
36000071,10:0:0:71,48.4,31
36000082,10:0:0:82,48.4,100
36000222,10:0:0:222,48.39,31
36000222,10:0:0:222,48.4,69
36002254,10:0:2:254,48.39,100
36003911,10:0:3:911,48.4,100
36003911,10:0:3:911,48.4,1600
36003916,10:0:3:916,48.4,293
36003916,10:0:3:916,48.4,300
36004011,10:0:4:11,48.39,207
36004011,10:0:4:11,48.4,300
36004011,10:0:4:11,48.39,100
36004011,10:0:4:11,48.39,300
36004011,10:0:4:11,48.39,193
36004019,10:0:4:19,48.39,100
36004058,10:0:4:58,48.4,400
36004073,10:0:4:73,48.4,600
36004166,10:0:4:166,48.4,100
36004166,10:0:4:166,48.4,100
36008046,10:0:8:46,48.38,18
36008378,10:0:8:378,48.38,100
36011775,10:0:11:775,48.38,82
36012364,10:0:12:364,48.375,100
36013986,10:0:13:986,48.375,100
36016961,10:0:16:961,48.37,100
36016961,10:0:16:961,48.375,200
36016972,10:0:16:972,48.37,25
36016986,10:0:16:986,48.38,100
36016991,10:0:16:991,48.38,100
36017036,10:0:17:36,48.38,500
36017060,10:0:17:60,48.38,100
36017060,10:0:17:60,48.38,100
36017110,10:0:17:110,48.38,100
36017190,10:0:17:190,48.38,200
36017284,10:0:17:284,48.375,100
36017360,10:0:17:360,48.38,100
36017569,10:0:17:569,48.38,100
36017658,10:0:17:658,48.375,100
36017662,10:0:17:662,48.3798,100
36017662,10:0:17:662,48.38,19
36017662,10:0:17:662,48.38,200
36017663,10:0:17:663,48.38,100
36017691,10:0:17:691,48.38,100
36018836,10:0:18:836,48.38,100
36018836,10:0:18:836,48.38,100
36021954,10:0:21:954,48.38,69
36021954,10:0:21:954,48.38,31
36025303,10:0:25:303,48.38,100
36026529,10:0:26:529,48.39,100
36030859,10:0:30:859,48.38,100
36061309,10:1:1:309,48.38,100
36063122,10:1:3:122,48.38,100
36063133,10:1:3:133,48.38,100
36063190,10:1:3:190,48.38,100
36064872,10:1:4:872,48.38,117
36064872,10:1:4:872,48.38,100
36064872,10:1:4:872,48.38,100
36064885,10:1:4:885,48.38,100
36064887,10:1:4:887,48.38,25
36067120,10:1:7:120,48.38,19
36068392,10:1:8:392,48.39,56
36070895,10:1:10:895,48.38,100
36070896,10:1:10:896,48.38,100
36070898,10:1:10:898,48.38,100
36084704,10:1:24:704,48.37,100
36084704,10:1:24:704,48.37,100
36084704,10:1:24:704,48.37,100
36084705,10:1:24:705,48.375,100
36084705,10:1:24:705,48.37,100
36084705,10:1:24:705,48.375,100
36084706,10:1:24:706,48.375,100
36084707,10:1:24:707,48.37,200
36084712,10:1:24:712,48.375,100
36085208,10:1:25:208,48.375,10
36088661,10:1:28:661,48.375,100
36090607,10:1:30:607,48.37,100
36091014,10:1:31:14,48.375,10
36092202,10:1:32:202,48.37,100
36092202,10:1:32:202,48.37,200
36092202,10:1:32:202,48.37,100
36092202,10:1:32:202,48.37,100
36092203,10:1:32:203,48.37,100
36092203,10:1:32:203,48.37,100
36092204,10:1:32:204,48.37,193
36092602,10:1:32:602,48.375,100
36092649,10:1:32:649,48.37,100
36092649,10:1:32:649,48.37,100
36093102,10:1:33:102,48.375,100
36093117,10:1:33:117,48.375,100
36093302,10:1:33:302,48.375,100
36093303,10:1:33:303,48.375,100
36093402,10:1:33:402,48.375,100
36093403,10:1:33:403,48.375,100
36093664,10:1:33:664,48.375,100
36094686,10:1:34:686,48.375,100
36094863,10:1:34:863,48.375,10000
36095164,10:1:35:164,48.375,100
36095166,10:1:35:166,48.375,100
36095167,10:1:35:167,48.375,100
36095170,10:1:35:170,48.375,100
36097186,10:1:37:186,48.375,200
36097243,10:1:37:243,48.375,100
36097922,10:1:37:922,48.37,100
36097922,10:1:37:922,48.375,100
36097923,10:1:37:923,48.375,10
36098235,10:1:38:235,48.38,200
36098235,10:1:38:235,48.38,100
36098235,10:1:38:235,48.38,400
36098235,10:1:38:235,48.38,15
36098235,10:1:38:235,48.38,100
36098235,10:1:38:235,48.38,100
36098235,10:1:38:235,48.38,100
36098235,10:1:38:235,48.38,100
36098241,10:1:38:241,48.38,100
36098669,10:1:38:669,48.38,100
36098681,10:1:38:681,48.38,100
36099692,10:1:39:692,48.39,100
36099692,10:1:39:692,48.39,100
36099692,10:1:39:692,48.39,100
36099692,10:1:39:692,48.39,100
36099693,10:1:39:693,48.39,100
36101507,10:1:41:507,48.39,200
36102551,10:1:42:551,48.39,44
36102551,10:1:42:551,48.39,56
36102552,10:1:42:552,48.39,45
36103893,10:1:43:893,48.4,100
36104906,10:1:44:906,48.4,100
36104906,10:1:44:906,48.4,100
36105988,10:1:45:988,48.4,1
36105988,10:1:45:988,48.4,152
36109256,10:1:49:256,48.39,200
36109257,10:1:49:257,48.39,100
36109960,10:1:49:960,48.395,1000
36110168,10:1:50:168,48.4,100
36110393,10:1:50:393,48.4,500
36110396,10:1:50:396,48.39,500
36110398,10:1:50:398,48.4,100
36110401,10:1:50:401,48.4,100
36110408,10:1:50:408,48.39,100
36110409,10:1:50:409,48.4,300
36110410,10:1:50:410,48.39,700
36110411,10:1:50:411,48.39,300
36110412,10:1:50:412,48.4,400
36110412,10:1:50:412,48.4,1100
36110412,10:1:50:412,48.4,100
36110413,10:1:50:413,48.39,1100
36110415,10:1:50:415,48.39,400
36110427,10:1:50:427,48.39,100
36110432,10:1:50:432,48.4,100
36110461,10:1:50:461,48.4,71
36110465,10:1:50:465,48.3901,71
36110648,10:1:50:648,48.4,700
36110658,10:1:50:658,48.4,100
36110669,10:1:50:669,48.4,100
36112619,10:1:52:619,48.4,100
36114541,10:1:54:541,48.4,100
36116384,10:1:56:384,48.4,100
36117139,10:1:57:139,48.39,100
36117139,10:1:57:139,48.4,100
36117139,10:1:57:139,48.4,100
36117139,10:1:57:139,48.4,100
36117139,10:1:57:139,48.4,40
36117140,10:1:57:140,48.39,100
36117174,10:1:57:174,48.38,100
36117221,10:1:57:221,48.39,100
36123698,10:2:3:698,48.38,35
36127387,10:2:7:387,48.37,100
36127388,10:2:7:388,48.37,200
36127388,10:2:7:388,48.37,100
36127389,10:2:7:389,48.37,100
36127389,10:2:7:389,48.36,100
36127389,10:2:7:389,48.37,100
36127389,10:2:7:389,48.37,200
36127389,10:2:7:389,48.37,200
36127389,10:2:7:389,48.38,100
36127390,10:2:7:390,48.37,100
36127390,10:2:7:390,48.37,100
36127390,10:2:7:390,48.38,100
36127405,10:2:7:405,48.37,100
36127405,10:2:7:405,48.365,100
36127424,10:2:7:424,48.37,100
36127427,10:2:7:427,48.37,100
36127446,10:2:7:446,48.365,300
36127446,10:2:7:446,48.365,200
36127622,10:2:7:622,48.37,100
36127626,10:2:7:626,48.37,100
36127839,10:2:7:839,48.365,100
36128132,10:2:8:132,48.365,6
36128707,10:2:8:707,48.36,61
36129139,10:2:9:139,48.365,6
36129829,10:2:9:829,48.365,100
36131723,10:2:11:723,48.37,100
36131744,10:2:11:744,48.37,3
36131744,10:2:11:744,48.37,6
36131745,10:2:11:745,48.37,100
36132888,10:2:12:888,48.375,100
36133301,10:2:13:301,48.38,100
36133305,10:2:13:305,48.38,100
36133306,10:2:13:306,48.38,100
36133311,10:2:13:311,48.38,100
36133368,10:2:13:368,48.38,100
36133403,10:2:13:403,48.38,100
36133403,10:2:13:403,48.38,3
36133413,10:2:13:413,48.38,45
36133422,10:2:13:422,48.39,100
36136194,10:2:16:194,48.385,100
36137717,10:2:17:717,48.38,200
36137717,10:2:17:717,48.38,3
36137717,10:2:17:717,48.38,152
36137719,10:2:17:719,48.38,40
36138414,10:2:18:414,48.36,12
36138414,10:2:18:414,48.36,127
36138415,10:2:18:415,48.37,100
36138415,10:2:18:415,48.37,100
36138415,10:2:18:415,48.37,40
36138621,10:2:18:621,48.37,100
36138624,10:2:18:624,48.37,100
36138871,10:2:18:871,48.365,100
36140107,10:2:20:107,48.37,200
36140963,10:2:20:963,48.37,100
36140964,10:2:20:964,48.365,100
36140965,10:2:20:965,48.37,100
36141270,10:2:21:270,48.37,100
36141270,10:2:21:270,48.37,300
36141270,10:2:21:270,48.37,100
36141270,10:2:21:270,48.37,100
36141272,10:2:21:272,48.37,100
36144635,10:2:24:635,48.365,200
36146955,10:2:26:955,48.37,200
36147685,10:2:27:685,48.37,43
36147768,10:2:27:768,48.37,100
36147768,10:2:27:768,48.37,100
36147771,10:2:27:771,48.37,100
36147772,10:2:27:772,48.37,22
36147826,10:2:27:826,48.37,10
36147826,10:2:27:826,48.37,10
36147826,10:2:27:826,48.37,57
36147827,10:2:27:827,48.37,26
36147829,10:2:27:829,48.38,100
36147829,10:2:27:829,48.38,100
36147889,10:2:27:889,48.38,100
36160357,10:2:40:357,48.37,8
36165365,10:2:45:365,48.37,1
36171651,10:2:51:651,48.37,3
36171653,10:2:51:653,48.37,100
36177531,10:2:57:531,48.38,100
36187610,10:3:7:610,48.36,3
36190029,10:3:10:29,48.38,100
36190029,10:3:10:29,48.38,13
36195042,10:3:15:42,48.36,13
36204421,10:3:24:421,48.365,100
36204421,10:3:24:421,48.37,100
36204492,10:3:24:492,48.37,87
36205718,10:3:25:718,48.37,100
36205719,10:3:25:719,48.37,9
36207032,10:3:27:32,48.37,9
36207032,10:3:27:32,48.37,91
36207032,10:3:27:32,48.37,9
36207032,10:3:27:32,48.37,13
36207032,10:3:27:32,48.37,100
36207290,10:3:27:290,48.37,100
36208019,10:3:28:19,48.38,100
36209040,10:3:29:40,48.38,100
36219188,10:3:39:188,48.38,3
36223040,10:3:43:40,48.39,100
36224777,10:3:44:777,48.36,9
36238039,10:3:58:39,48.39,100
36238039,10:3:58:39,48.39,100
36238039,10:3:58:39,48.39,100
36238042,10:3:58:42,48.38,100
36238222,10:3:58:222,48.4,100
36241597,10:4:1:597,48.39,33
36244374,10:4:4:374,48.37,27
36248743,10:4:8:743,48.38,100
36248743,10:4:8:743,48.39,100
36249042,10:4:9:42,48.375,3
36256281,10:4:16:281,48.38,67
36256281,10:4:16:281,48.38,100
36263582,10:4:23:582,48.36,3
36266202,10:4:26:202,48.38,3
36266225,10:4:26:225,48.38,97
36266916,10:4:26:916,48.37,100
36267901,10:4:27:901,48.39,100
36267901,10:4:27:901,48.39,100
36267909,10:4:27:909,48.39,100
36267912,10:4:27:912,48.39,100
36267953,10:4:27:953,48.39,200
36271214,10:4:31:214,48.36,3
36274623,10:4:34:623,48.39,1
36278746,10:4:38:746,48.39,100
36278819,10:4:38:819,48.39,100
36279354,10:4:39:354,48.37,1
36279641,10:4:39:641,48.39,4
36279641,10:4:39:641,48.39,96
36279645,10:4:39:645,48.38,100
36283357,10:4:43:357,48.39,4
36283357,10:4:43:357,48.39,96
36284039,10:4:44:39,48.39,100
36285979,10:4:45:979,48.385,100
36288368,10:4:48:368,48.38,4
36288716,10:4:48:716,48.39,4
36288716,10:4:48:716,48.39,96
36288716,10:4:48:716,48.39,100
36288716,10:4:48:716,48.39,100
36288719,10:4:48:719,48.39,4
36288719,10:4:48:719,48.39,96
36288719,10:4:48:719,48.39,4
36288719,10:4:48:719,48.39,100
36288719,10:4:48:719,48.39,100
36288819,10:4:48:819,48.39,100
36290116,10:4:50:116,48.39,81
36290116,10:4:50:116,48.39,19
36292763,10:4:52:763,48.39,100
36292764,10:4:52:764,48.39,9
36292774,10:4:52:774,48.39,100
36292804,10:4:52:804,48.39,100
36292805,10:4:52:805,48.39,100
36292805,10:4:52:805,48.39,100
36293021,10:4:53:21,48.4,100
36295211,10:4:55:211,48.39,200
36295213,10:4:55:213,48.395,300
36295215,10:4:55:215,48.395,300
36295326,10:4:55:326,48.395,200
36295419,10:4:55:419,48.395,300
36295423,10:4:55:423,48.4,100
36295622,10:4:55:622,48.4,100
36297505,10:4:57:505,48.39,41
36297776,10:4:57:776,48.39,11
36297780,10:4:57:780,48.39,100
36300645,10:5:0:645,48.39,200
36305874,10:5:5:874,48.38,19
36307600,10:5:7:600,48.38,100
36307602,10:5:7:602,48.37,100
36310883,10:5:10:883,48.36,8
36313503,10:5:13:503,48.3799,2
36313527,10:5:13:527,48.38,58
36313824,10:5:13:824,48.38,100
36315891,10:5:15:891,48.36,4
36317874,10:5:17:874,48.38,64
36317914,10:5:17:914,48.38,142
36317916,10:5:17:916,48.38,58
36317916,10:5:17:916,48.38,42
36317916,10:5:17:916,48.38,100
36317916,10:5:17:916,48.38,100
36317919,10:5:17:919,48.38,58
36317921,10:5:17:921,48.38,42
36317956,10:5:17:956,48.38,100
36317957,10:5:17:957,48.38,100
36318060,10:5:18:60,48.385,100
36320577,10:5:20:577,48.38,22
36325060,10:5:25:60,48.38,125
36325061,10:5:25:61,48.38,53
36325061,10:5:25:61,48.38,600
36325062,10:5:25:62,48.38,100
36325062,10:5:25:62,48.38,100
36325062,10:5:25:62,48.38,200
36325063,10:5:25:63,48.38,100
36325063,10:5:25:63,48.38,100
36325071,10:5:25:71,48.38,100
36325074,10:5:25:74,48.385,200
36325075,10:5:25:75,48.38,400
36325078,10:5:25:78,48.38,632
36325223,10:5:25:223,48.38,100
36325224,10:5:25:224,48.38,100
36325228,10:5:25:228,48.38,100
36325229,10:5:25:229,48.38,100
36325229,10:5:25:229,48.38,100
36325246,10:5:25:246,48.385,100
36325421,10:5:25:421,48.39,100
36326595,10:5:26:595,48.38,3
36328642,10:5:28:642,48.38,100
36328642,10:5:28:642,48.38,100
36328647,10:5:28:647,48.37,100
36328648,10:5:28:648,48.38,171
36329644,10:5:29:644,48.38,100
36332261,10:5:32:261,48.38,100
36332264,10:5:32:264,48.38,100
36332266,10:5:32:266,48.38,100
36332268,10:5:32:268,48.38,100
36332271,10:5:32:271,48.38,100
36332272,10:5:32:272,48.38,100
36332276,10:5:32:276,48.38,100
36332334,10:5:32:334,48.38,100
36334528,10:5:34:528,48.375,100
36336433,10:5:36:433,48.38,200
36336433,10:5:36:433,48.38,100
36336433,10:5:36:433,48.38,300
36336433,10:5:36:433,48.38,100
36336434,10:5:36:434,48.38,200
36336434,10:5:36:434,48.38,100
36336434,10:5:36:434,48.38,100
36336440,10:5:36:440,48.38,100
36336624,10:5:36:624,48.39,200
36339060,10:5:39:60,48.39,100
36339182,10:5:39:182,48.39,100
36339182,10:5:39:182,48.39,100
36339182,10:5:39:182,48.39,101
36339219,10:5:39:219,48.4,100
36341232,10:5:41:232,48.4,100
36341232,10:5:41:232,48.4,100
36342758,10:5:42:758,48.4,100
36343936,10:5:43:936,48.4,100
36344027,10:5:44:27,48.4,200
36344030,10:5:44:30,48.4,900
36344030,10:5:44:30,48.4,200
36344031,10:5:44:31,48.4,200
36344038,10:5:44:38,48.4,93
36344081,10:5:44:81,48.4,200
36344223,10:5:44:223,48.41,100
36344225,10:5:44:225,48.41,100
36344228,10:5:44:228,48.41,100
36344235,10:5:44:235,48.4,423
36344286,10:5:44:286,48.4,100
36344335,10:5:44:335,48.4,100
36344428,10:5:44:428,48.41,12
36344428,10:5:44:428,48.41,88
36344428,10:5:44:428,48.41,57
36344428,10:5:44:428,48.41,100
36344428,10:5:44:428,48.41,31
36344455,10:5:44:455,48.41,100
36344455,10:5:44:455,48.41,1
36344469,10:5:44:469,48.41,100
36354631,10:5:54:631,48.395,35
36359641,10:5:59:641,48.395,2
36361391,10:6:1:391,48.4,1
36363177,10:6:3:177,48.4,3
36363180,10:6:3:180,48.4,85
36363183,10:6:3:183,48.4,100
36363357,10:6:3:357,48.39,200
36363357,10:6:3:357,48.395,100
36363358,10:6:3:358,48.39,100
36363358,10:6:3:358,48.39,100
36363359,10:6:3:359,48.39,100
36363359,10:6:3:359,48.39,100
36367125,10:6:7:125,48.39,100
36367125,10:6:7:125,48.39,100
36367128,10:6:7:128,48.39,100
36367128,10:6:7:128,48.39,100
36367128,10:6:7:128,48.39,100
36367232,10:6:7:232,48.38,100
36368190,10:6:8:190,48.38,3
36368191,10:6:8:191,48.38,15
36373621,10:6:13:621,48.39,100
36373623,10:6:13:623,48.39,33
36373623,10:6:13:623,48.39,100
36382052,10:6:22:52,48.39,3
36389790,10:6:29:790,48.38,20
36389790,10:6:29:790,48.38,31
36391064,10:6:31:64,48.38,63
36395994,10:6:35:994,48.39,100
36396073,10:6:36:73,48.39,23
36396073,10:6:36:73,48.39,77
36396074,10:6:36:74,48.39,100
36396077,10:6:36:77,48.39,1
36396078,10:6:36:78,48.39,434
36401089,10:6:41:89,48.38,1
36408959,10:6:48:959,48.38,100
36408963,10:6:48:963,48.38,100
36409545,10:6:49:545,48.38,100
36409545,10:6:49:545,48.38,100
36411092,10:6:51:92,48.38,100
36411092,10:6:51:92,48.38,100
36411403,10:6:51:403,48.38,99
36414235,10:6:54:235,48.38,100
36414235,10:6:54:235,48.38,3
36414238,10:6:54:238,48.38,100
36414243,10:6:54:243,48.38,100
36414246,10:6:54:246,48.38,100
36414246,10:6:54:246,48.38,100
36414256,10:6:54:256,48.38,100
36414258,10:6:54:258,48.38,100
36414316,10:6:54:316,48.38,100
36414318,10:6:54:318,48.38,100
36414369,10:6:54:369,48.38,100
36414371,10:6:54:371,48.38,100
36414371,10:6:54:371,48.38,47
36414371,10:6:54:371,48.38,153
36414380,10:6:54:380,48.37,22
36418678,10:6:58:678,48.38,100
36418697,10:6:58:697,48.38,100
36418753,10:6:58:753,48.38,100
36418826,10:6:58:826,48.38,100
36418827,10:6:58:827,48.38,100
36418828,10:6:58:828,48.38,100
36418828,10:6:58:828,48.38,100
36418830,10:6:58:830,48.38,12
36418830,10:6:58:830,48.38,88
36418830,10:6:58:830,48.38,12
36418831,10:6:58:831,48.38,88
36418873,10:6:58:873,48.39,100
36418878,10:6:58:878,48.38,100
36418880,10:6:58:880,48.38,30
36418881,10:6:58:881,48.39,100
36419046,10:6:59:46,48.39,100
36419049,10:6:59:49,48.39,100
36419055,10:6:59:55,48.39,100
36419071,10:6:59:71,48.39,100
36419244,10:6:59:244,48.39,40
36419278,10:6:59:278,48.39,100
36419291,10:6:59:291,48.39,100
36419353,10:6:59:353,48.39,200
36419855,10:6:59:855,48.39,60
36424386,10:7:4:386,48.4,100
36424388,10:7:4:388,48.395,300
36424391,10:7:4:391,48.4,400
36424454,10:7:4:454,48.41,11
36424636,10:7:4:636,48.4,500
36425612,10:7:5:612,48.4,1000
36426629,10:7:6:629,48.4,100
36427946,10:7:7:946,48.39,100
36431092,10:7:11:92,48.39,22
36437024,10:7:17:24,48.41,100
36437026,10:7:17:26,48.41,100
36437027,10:7:17:27,48.41,100
36442670,10:7:22:670,48.4,4
36451711,10:7:31:711,48.4,100
36451713,10:7:31:713,48.4,100
36464022,10:7:44:22,48.41,75
36465021,10:7:45:21,48.41,100
36469443,10:7:49:443,48.41,140
36469443,10:7:49:443,48.41,85
36469443,10:7:49:443,48.41,500
36469443,10:7:49:443,48.41,100
36469443,10:7:49:443,48.41,100
36469446,10:7:49:446,48.41,100
36472447,10:7:52:447,48.41,100
36472448,10:7:52:448,48.4,80
36472448,10:7:52:448,48.4,100
36472448,10:7:52:448,48.4,20
36472448,10:7:52:448,48.405,6
36472448,10:7:52:448,48.4,94
36472448,10:7:52:448,48.4,54
36472449,10:7:52:449,48.4,100
36472449,10:7:52:449,48.4,20
36472451,10:7:52:451,48.4,236
36472454,10:7:52:454,48.4,236
36476018,10:7:56:18,48.4,100
36476018,10:7:56:18,48.4,200
36476018,10:7:56:18,48.4,100
36477758,10:7:57:758,48.41,100
36477758,10:7:57:758,48.41,300
36477758,10:7:57:758,48.41,100
36477758,10:7:57:758,48.41,100
36487385,10:8:7:385,48.42,340
36490022,10:8:10:22,48.42,100
36490090,10:8:10:90,48.42,200
36490090,10:8:10:90,48.42,55
36490090,10:8:10:90,48.42,200
36490090,10:8:10:90,48.42,72
36490098,10:8:10:98,48.42,100
36490204,10:8:10:204,48.42,100
36490225,10:8:10:225,48.43,100
36490225,10:8:10:225,48.43,100
36490229,10:8:10:229,48.43,200
36490229,10:8:10:229,48.43,40
36490229,10:8:10:229,48.43,60
36490331,10:8:10:331,48.43,100
36490331,10:8:10:331,48.43,100
36490331,10:8:10:331,48.43,40
36490331,10:8:10:331,48.43,26
36498110,10:8:18:110,48.44,88
36498110,10:8:18:110,48.44,12
36498110,10:8:18:110,48.44,38
36498110,10:8:18:110,48.44,62
36498110,10:8:18:110,48.44,100
36498135,10:8:18:135,48.44,100
36498143,10:8:18:143,48.44,100
36502844,10:8:22:844,48.47,20
36502844,10:8:22:844,48.48,16
36502844,10:8:22:844,48.48,100
36505533,10:8:25:533,48.49,100
36509223,10:8:29:223,48.49,100
36513089,10:8:33:89,48.48,100
36513089,10:8:33:89,48.48,200
36513090,10:8:33:90,48.48,100
36513090,10:8:33:90,48.48,100
36513090,10:8:33:90,48.48,100
36513090,10:8:33:90,48.485,6
36513090,10:8:33:90,48.48,94
36513090,10:8:33:90,48.48,6
36513092,10:8:33:92,48.48,64
36513094,10:8:33:94,48.48,100
36513096,10:8:33:96,48.48,136
36527024,10:8:47:24,48.48,94
36527024,10:8:47:24,48.48,6
36527024,10:8:47:24,48.48,100
36527024,10:8:47:24,48.48,100
36527025,10:8:47:25,48.49,100
36527025,10:8:47:25,48.49,100
36532005,10:8:52:5,48.49,100
36533282,10:8:53:282,48.5,7
36533282,10:8:53:282,48.5,93
36533282,10:8:53:282,48.5,358
36533282,10:8:53:282,48.5,200
36533283,10:8:53:283,48.51,15
36533283,10:8:53:283,48.51,85
36538201,10:8:58:201,48.51,100
36538201,10:8:58:201,48.51,100
36538201,10:8:58:201,48.51,7
36538201,10:8:58:201,48.51,293
36538201,10:8:58:201,48.51,100
36538202,10:8:58:202,48.51,7
36538203,10:8:58:203,48.51,93
36538210,10:8:58:210,48.5,100
36538210,10:8:58:210,48.5,100
36538210,10:8:58:210,48.5,100
36538211,10:8:58:211,48.5,100
36538211,10:8:58:211,48.51,100
36538211,10:8:58:211,48.5,10
36538211,10:8:58:211,48.51,100
36538211,10:8:58:211,48.51,100
36538211,10:8:58:211,48.5,100
36538213,10:8:58:213,48.5,100
36538229,10:8:58:229,48.51,6
36538682,10:8:58:682,48.5,1
36544255,10:9:4:255,48.51,1
36548010,10:9:8:10,48.51,99
36553066,10:9:13:66,48.51,100
36565371,10:9:25:371,48.5,200
36574758,10:9:34:758,48.5,200
36574759,10:9:34:759,48.49,100
36574762,10:9:34:762,48.5,100
36575762,10:9:35:762,48.5,100
36575762,10:9:35:762,48.5,100
36575765,10:9:35:765,48.5,100
36575765,10:9:35:765,48.5,100
36575767,10:9:35:767,48.5,100
36575767,10:9:35:767,48.5,100
36575767,10:9:35:767,48.5,100
36575767,10:9:35:767,48.5,100
36579074,10:9:39:74,48.49,59
36579074,10:9:39:74,48.49,45
36579074,10:9:39:74,48.49,55
36579074,10:9:39:74,48.49,300
36579074,10:9:39:74,48.49,100
36579074,10:9:39:74,48.49,141
36579074,10:9:39:74,48.49,200
36579074,10:9:39:74,48.49,100
36579076,10:9:39:76,48.495,100
36594543,10:9:54:543,48.48,200
36594546,10:9:54:546,48.48,100
36600009,10:10:0:9,48.47,4
36601452,10:10:1:452,48.47,200
36601452,10:10:1:452,48.47,100
36601452,10:10:1:452,48.47,100
36601452,10:10:1:452,48.47,100
36601452,10:10:1:452,48.46,100
36601452,10:10:1:452,48.47,100
36601452,10:10:1:452,48.47,100
36601453,10:10:1:453,48.48,178
36601454,10:10:1:454,48.48,100
36601454,10:10:1:454,48.48,100
36601455,10:10:1:455,48.48,100
36602468,10:10:2:468,48.48,100
36602468,10:10:2:468,48.48,100
36602468,10:10:2:468,48.48,100
36602471,10:10:2:471,48.48,200
36602472,10:10:2:472,48.48,200
36602473,10:10:2:473,48.48,163
36602474,10:10:2:474,48.48,100
36602518,10:10:2:518,48.48,100
36604594,10:10:4:594,48.494,7
36605222,10:10:5:222,48.5,100
36607865,10:10:7:865,48.48,100
36621320,10:10:21:320,48.48,100
36621321,10:10:21:321,48.48,80
36623506,10:10:23:506,48.485,100
36623507,10:10:23:507,48.485,100
36629798,10:10:29:798,48.48,100
36629798,10:10:29:798,48.48,100
36629835,10:10:29:835,48.465,100
36629846,10:10:29:846,48.46,100
36630801,10:10:30:801,48.47,200
36630801,10:10:30:801,48.48,100
36630803,10:10:30:803,48.47,10
36651645,10:10:51:645,48.48,100
36651648,10:10:51:648,48.48,100
36655115,10:10:55:115,48.47,100
36655115,10:10:55:115,48.47,100
36667652,10:11:7:652,48.48,100
36667652,10:11:7:652,48.49,100
36667653,10:11:7:653,48.49,13
36667653,10:11:7:653,48.49,87
36667653,10:11:7:653,48.49,103
36667654,10:11:7:654,48.49,27
36667654,10:11:7:654,48.49,2
36667654,10:11:7:654,48.49,13
36667654,10:11:7:654,48.49,85
36667654,10:11:7:654,48.49,75
36667654,10:11:7:654,48.49,25
36667654,10:11:7:654,48.49,45
36667654,10:11:7:654,48.49,45
36667654,10:11:7:654,48.49,55
36667654,10:11:7:654,48.49,55
36667661,10:11:7:661,48.49,100
36676674,10:11:16:674,48.47,15
36701489,10:11:41:489,48.49,100
36701489,10:11:41:489,48.49,55
36701489,10:11:41:489,48.49,45
36701489,10:11:41:489,48.49,201
36701490,10:11:41:490,48.49,100
36701491,10:11:41:491,48.49,100
36701492,10:11:41:492,48.49,100
36701492,10:11:41:492,48.49,100
36703224,10:11:43:224,48.49,1
36722707,10:12:2:707,48.48,100
36722707,10:12:2:707,48.48,200
36722713,10:12:2:713,48.48,478
36723018,10:12:3:18,48.48,200
36723832,10:12:3:832,48.48,100
36726099,10:12:6:99,48.48,2
36737760,10:12:17:760,48.485,100
36741511,10:12:21:511,48.49,400
36741511,10:12:21:511,48.49,100
36741511,10:12:21:511,48.5,100
36741516,10:12:21:516,48.49,100
36741525,10:12:21:525,48.49,100
36742903,10:12:22:903,48.49,100
36747842,10:12:27:842,48.5,100
36747842,10:12:27:842,48.5,100
36748629,10:12:28:629,48.5,100
36754994,10:12:34:994,48.5,100
36754994,10:12:34:994,48.5,100
36755000,10:12:35:0,48.51,355
36755000,10:12:35:0,48.51,100
36755000,10:12:35:0,48.51,100
36755000,10:12:35:0,48.51,45
36755000,10:12:35:0,48.51,100
36755000,10:12:35:0,48.51,100
36755001,10:12:35:1,48.51,100
36755001,10:12:35:1,48.51,200
36756475,10:12:36:475,48.52,100
36763405,10:12:43:405,48.537,100
36820451,10:13:40:451,48.52,14
36820451,10:13:40:451,48.52,100
36820451,10:13:40:451,48.52,200
36820451,10:13:40:451,48.52,386
36820451,10:13:40:451,48.52,200
36820451,10:13:40:451,48.52,11
36820451,10:13:40:451,48.52,76
36820451,10:13:40:451,48.52,24
36820451,10:13:40:451,48.52,100
36820453,10:13:40:453,48.525,100
36820453,10:13:40:453,48.53,200
36820455,10:13:40:455,48.51,100
36820458,10:13:40:458,48.52,100
36821454,10:13:41:454,48.52,100
36821455,10:13:41:455,48.52,100
36821455,10:13:41:455,48.52,100
36821455,10:13:41:455,48.52,100
36821455,10:13:41:455,48.52,100
36821570,10:13:41:570,48.53,100
36823844,10:13:43:844,48.52,100
36826505,10:13:46:505,48.53,100
36826507,10:13:46:507,48.52,100
36826512,10:13:46:512,48.52,100
36871099,10:14:31:99,48.54,3
36879242,10:14:39:242,48.53,100
36883215,10:14:43:215,48.53,100
36888066,10:14:48:66,48.53,100
36888066,10:14:48:66,48.53,100
36888066,10:14:48:66,48.53,100
36888067,10:14:48:67,48.53,100
36888067,10:14:48:67,48.54,100
36897457,10:14:57:457,48.53,100
36897457,10:14:57:457,48.53,100
36897489,10:14:57:489,48.53,100
36898736,10:14:58:736,48.53,100
36899967,10:14:59:967,48.53,100
36916122,10:15:16:122,48.54,100
36916131,10:15:16:131,48.54,100
36925040,10:15:25:40,48.54,100
36925041,10:15:25:41,48.54,100
36925041,10:15:25:41,48.54,1
36925041,10:15:25:41,48.54,100
36925041,10:15:25:41,48.54,100
36925041,10:15:25:41,48.54,100
36925041,10:15:25:41,48.54,27
36925041,10:15:25:41,48.54,100
36925056,10:15:25:56,48.55,74
36925057,10:15:25:57,48.55,100
36925058,10:15:25:58,48.55,3
36925068,10:15:25:68,48.56,26
36925175,10:15:25:175,48.57,100
36926779,10:15:26:779,48.57,100
36926780,10:15:26:780,48.57,20
36926780,10:15:26:780,48.57,10
36926780,10:15:26:780,48.57,10
36926780,10:15:26:780,48.57,13
36933115,10:15:33:115,48.59,174
36933116,10:15:33:116,48.59,100
36941772,10:15:41:772,48.59,96
36941773,10:15:41:773,48.59,98
36941773,10:15:41:773,48.59,5
36941773,10:15:41:773,48.59,95
36981304,10:16:21:304,48.6099,4
37003653,10:16:43:653,48.6,100
37003653,10:16:43:653,48.6,200
37003653,10:16:43:653,48.6,100
37004877,10:16:44:877,48.59,100
37004877,10:16:44:877,48.59,11
37011167,10:16:51:167,48.59,6
37013018,10:16:53:18,48.59,5
37016908,10:16:56:908,48.5938,60
37017372,10:16:57:372,48.59,84
37019002,10:16:59:2,48.58,100
37019002,10:16:59:2,48.58,100
37019008,10:16:59:8,48.58,100
37025808,10:17:5:808,48.585,100
37025856,10:17:5:856,48.585,100
37031265,10:17:11:265,48.5801,30
37054067,10:17:34:67,48.59,100
37054067,10:17:34:67,48.59,16
37054068,10:17:34:68,48.59,100
37054068,10:17:34:68,48.59,100
37054069,10:17:34:69,48.6,100
37054069,10:17:34:69,48.6,100
37054069,10:17:34:69,48.6,100
37054070,10:17:34:70,48.6,100
37054070,10:17:34:70,48.59,100
37054070,10:17:34:70,48.6,100
37054070,10:17:34:70,48.6,100
37054070,10:17:34:70,48.6,100
37054070,10:17:34:70,48.6,100
37054070,10:17:34:70,48.6,100
37054070,10:17:34:70,48.6,100
37054070,10:17:34:70,48.6,2
37054074,10:17:34:74,48.59,100
37054074,10:17:34:74,48.6,100
37054074,10:17:34:74,48.6,26
37054074,10:17:34:74,48.6,74
37054074,10:17:34:74,48.59,100
37058792,10:17:38:792,48.6095,5163
37063993,10:17:43:993,48.61,100
37063996,10:17:43:996,48.61,100
37063996,10:17:43:996,48.61,26
37063996,10:17:43:996,48.61,20
37066221,10:17:46:221,48.62,100
37066225,10:17:46:225,48.62,100
37066227,10:17:46:227,48.62,100
37066229,10:17:46:229,48.62,100
37066229,10:17:46:229,48.63,100
37066230,10:17:46:230,48.62,100
37066232,10:17:46:232,48.62,100
37067143,10:17:47:143,48.62,100
37067159,10:17:47:159,48.62,100
37067167,10:17:47:167,48.62,100
37070883,10:17:50:883,48.62,50
37071508,10:17:51:508,48.61,100
37072635,10:17:52:635,48.61,121
37072635,10:17:52:635,48.61,79
37072636,10:17:52:636,48.61,200
37082258,10:18:2:258,48.61,33
37089916,10:18:9:916,48.62,100
37103750,10:18:23:750,48.61,300
37103750,10:18:23:750,48.61,203
37103750,10:18:23:750,48.61,5
37103750,10:18:23:750,48.61,97
37103750,10:18:23:750,48.61,1
37103750,10:18:23:750,48.61,66
37103751,10:18:23:751,48.61,16
37103751,10:18:23:751,48.61,79
37103751,10:18:23:751,48.61,100
37103751,10:18:23:751,48.61,100
37104753,10:18:24:753,48.61,100
37104754,10:18:24:754,48.61,74
37104754,10:18:24:754,48.61,26
37104762,10:18:24:762,48.61,100
37106158,10:18:26:158,48.615,100
37106406,10:18:26:406,48.627,100
37115898,10:18:35:898,48.61,100
37121653,10:18:41:653,48.62,200
37121653,10:18:41:653,48.62,200
37121750,10:18:41:750,48.62,200
37121938,10:18:41:938,48.62,100
37123839,10:18:43:839,48.61,100
37126094,10:18:46:94,48.6,100
37128216,10:18:48:216,48.6,100
37128217,10:18:48:217,48.6,100
37128217,10:18:48:217,48.6,100
37128220,10:18:48:220,48.6,100
37128347,10:18:48:347,48.6,100
37128414,10:18:48:414,48.618,100
37128851,10:18:48:851,48.6,100
37130274,10:18:50:274,48.6,100
37130274,10:18:50:274,48.6,100
37130274,10:18:50:274,48.6,100
37130275,10:18:50:275,48.59,30
37131277,10:18:51:277,48.6,100
37131278,10:18:51:278,48.6,100
37140417,10:19:0:417,48.5901,4
37144860,10:19:4:860,48.59,66
37155259,10:19:15:259,48.6085,100
37157691,10:19:17:691,48.6,100
37157691,10:19:17:691,48.59,200
37157691,10:19:17:691,48.59,100
37157692,10:19:17:692,48.59,21
37157692,10:19:17:692,48.6,100
37157692,10:19:17:692,48.6,100
37157694,10:19:17:694,48.6,44
37157694,10:19:17:694,48.6,56
37157697,10:19:17:697,48.59,2
37157697,10:19:17:697,48.59,100
37157698,10:19:17:698,48.6,100
37157698,10:19:17:698,48.59,77
37157704,10:19:17:704,48.6,100
37170974,10:19:30:974,48.59,100
37177852,10:19:37:852,48.6,100
37177852,10:19:37:852,48.6,100
37177939,10:19:37:939,48.61,4900
37178793,10:19:38:793,48.59,100
37179015,10:19:39:15,48.59,100
37179524,10:19:39:524,48.598,400
37186550,10:19:46:550,48.6,100
37189541,10:19:49:541,48.6,100
37189541,10:19:49:541,48.6,100
37189542,10:19:49:542,48.6,40
37189544,10:19:49:544,48.605,100
37189545,10:19:49:545,48.605,100
37190081,10:19:50:81,48.6,100
37190083,10:19:50:83,48.6,100
37190084,10:19:50:84,48.605,100
37190840,10:19:50:840,48.6,100
37190840,10:19:50:840,48.6,100
37190841,10:19:50:841,48.6,100
37190841,10:19:50:841,48.6,100
37190841,10:19:50:841,48.6,100
37190848,10:19:50:848,48.605,100
37190850,10:19:50:850,48.6,100
37190887,10:19:50:887,48.6,73
37190887,10:19:50:887,48.6,100
37190887,10:19:50:887,48.6,27
37190925,10:19:50:925,48.6,100
37191574,10:19:51:574,48.6,100
37191574,10:19:51:574,48.6,100
37191575,10:19:51:575,48.6,100
37191575,10:19:51:575,48.6,100
37191575,10:19:51:575,48.6,100
37191575,10:19:51:575,48.6,10
37191575,10:19:51:575,48.6,10
37191575,10:19:51:575,48.6,10
37191575,10:19:51:575,48.6,10
37191575,10:19:51:575,48.6,10
37191575,10:19:51:575,48.6,100
37191575,10:19:51:575,48.6,10
37191575,10:19:51:575,48.6,100
37191575,10:19:51:575,48.6,100
37191575,10:19:51:575,48.6,100
37191576,10:19:51:576,48.6,100
37191576,10:19:51:576,48.605,100
37191843,10:19:51:843,48.6,100
37191844,10:19:51:844,48.6,100
37191845,10:19:51:845,48.6,100
37191846,10:19:51:846,48.605,100
37193635,10:19:53:635,48.6,100
37193635,10:19:53:635,48.6,100
37193636,10:19:53:636,48.6,100
37193638,10:19:53:638,48.605,100
37193639,10:19:53:639,48.6,100
37193881,10:19:53:881,48.6,100
37193881,10:19:53:881,48.6,100
37193883,10:19:53:883,48.6,100
37194080,10:19:54:80,48.61,100
37194101,10:19:54:101,48.6,100
37194102,10:19:54:102,48.6,100
37194104,10:19:54:104,48.6,100
37194105,10:19:54:105,48.6,100
37194372,10:19:54:372,48.6,100
37194372,10:19:54:372,48.6,35
37194372,10:19:54:372,48.6,65
37194384,10:19:54:384,48.6,100
37195174,10:19:55:174,48.6,100
37196026,10:19:56:26,48.6,100
37196055,10:19:56:55,48.608,200
37196900,10:19:56:900,48.59,100
37198035,10:19:58:35,48.6,100
37200518,10:20:0:518,48.6,100
37200518,10:20:0:518,48.59,100
37201915,10:20:1:915,48.6,100
37201919,10:20:1:919,48.6,100
37201919,10:20:1:919,48.6,100
37201921,10:20:1:921,48.6,100
37201922,10:20:1:922,48.6,100
37201962,10:20:1:962,48.59,87
37202024,10:20:2:24,48.6,100
37202028,10:20:2:28,48.6,100
37202101,10:20:2:101,48.6,100
37202126,10:20:2:126,48.6,100
37206791,10:20:6:791,48.6,100
37206799,10:20:6:799,48.6,100
37206801,10:20:6:801,48.6,100
37206802,10:20:6:802,48.6,100
37207012,10:20:7:12,48.6,100
37213466,10:20:13:466,48.595,100
37213468,10:20:13:468,48.595,100
37220983,10:20:20:983,48.59,17
37220992,10:20:20:992,48.59,100
37220993,10:20:20:993,48.59,100
37221210,10:20:21:210,48.59,100
37224209,10:20:24:209,48.59,100
37225986,10:20:25:986,48.59,100
37226660,10:20:26:660,48.59,100
37228009,10:20:28:9,48.59,100
37252908,10:20:52:908,48.58,100
37252908,10:20:52:908,48.59,83
37252909,10:20:52:909,48.58,17
37252909,10:20:52:909,48.59,100
37252909,10:20:52:909,48.59,72
37252909,10:20:52:909,48.59,28
37252909,10:20:52:909,48.59,100
37252911,10:20:52:911,48.59,100
37253023,10:20:53:23,48.585,200
37255014,10:20:55:14,48.585,200
37255016,10:20:55:16,48.585,400
37255221,10:20:55:221,48.59,100
37255221,10:20:55:221,48.59,100
37261619,10:21:1:619,48.58,55
37263341,10:21:3:341,48.59,100
37263341,10:21:3:341,48.59,100
37263341,10:21:3:341,48.59,200
37263341,10:21:3:341,48.59,155
37263342,10:21:3:342,48.59,100
37263342,10:21:3:342,48.59,158
37263342,10:21:3:342,48.59,200
37263342,10:21:3:342,48.59,142
37263342,10:21:3:342,48.59,45
37263343,10:21:3:343,48.59,200
37263348,10:21:3:348,48.59,100
37269442,10:21:9:442,48.6,100
37269443,10:21:9:443,48.6,100
37269443,10:21:9:443,48.6,6
37269443,10:21:9:443,48.6,494
37269443,10:21:9:443,48.6,310
37269465,10:21:9:465,48.6,100
37269623,10:21:9:623,48.61,100
37273725,10:21:13:725,48.605,100
37273940,10:21:13:940,48.605,100
37280016,10:21:20:16,48.6,8
37283259,10:21:23:259,48.605,200
37291229,10:21:31:229,48.605,100
37292185,10:21:32:185,48.605,100
37303368,10:21:43:368,48.605,100
37303420,10:21:43:420,48.61,100
37303540,10:21:43:540,48.6025,100
37303559,10:21:43:559,48.605,100
37309236,10:21:49:236,48.605,100
37310804,10:21:50:804,48.605,100
37313030,10:21:53:30,48.61,115
37313030,10:21:53:30,48.61,100
37313030,10:21:53:30,48.61,200
37313030,10:21:53:30,48.605,6
37313030,10:21:53:30,48.61,194
37313030,10:21:53:30,48.61,19
37313030,10:21:53:30,48.61,31
37313030,10:21:53:30,48.61,6
37313030,10:21:53:30,48.61,100
37313030,10:21:53:30,48.61,100
37313030,10:21:53:30,48.61,69
37313030,10:21:53:30,48.61,7
37313030,10:21:53:30,48.61,93
37313031,10:21:53:31,48.61,100
37313031,10:21:53:31,48.61,166
37313031,10:21:53:31,48.61,200
37313031,10:21:53:31,48.61,31
37313203,10:21:53:203,48.61,1
37314964,10:21:54:964,48.62,100
37315885,10:21:55:885,48.615,100
37316285,10:21:56:285,48.62,1
37316285,10:21:56:285,48.62,100
37316702,10:21:56:702,48.615,114
37316821,10:21:56:821,48.63,100
37323378,10:22:3:378,48.63,10
37323378,10:22:3:378,48.63,90
37323379,10:22:3:379,48.63,10
37323379,10:22:3:379,48.63,100
37340864,10:22:20:864,48.63,100
37343168,10:22:23:168,48.63,100
37343191,10:22:23:191,48.62,55
37371932,10:22:51:932,48.63,100
37372608,10:22:52:608,48.62,15
37372615,10:22:52:615,48.62,100
37372616,10:22:52:616,48.62,100
37372616,10:22:52:616,48.62,100
37372616,10:22:52:616,48.62,500
37372616,10:22:52:616,48.62,100
37372616,10:22:52:616,48.62,100
37372616,10:22:52:616,48.62,200
37372616,10:22:52:616,48.62,30
37372618,10:22:52:618,48.61,100
37372618,10:22:52:618,48.61,200
37372618,10:22:52:618,48.61,100
37372618,10:22:52:618,48.61,100
37372618,10:22:52:618,48.61,100
37372618,10:22:52:618,48.61,100
37372621,10:22:52:621,48.61,100
37372637,10:22:52:637,48.62,100
37372638,10:22:52:638,48.62,100
37373607,10:22:53:607,48.61,100
37373609,10:22:53:609,48.61,100
37373615,10:22:53:615,48.61,100
37373644,10:22:53:644,48.619,100
37374446,10:22:54:446,48.6125,100
37376430,10:22:56:430,48.61,100
37376843,10:22:56:843,48.61,100
37380864,10:23:0:864,48.61,100
37382040,10:23:2:40,48.61,99
37383327,10:23:3:327,48.6,33
37385123,10:23:5:123,48.6,100
37385556,10:23:5:556,48.6,1
37397734,10:23:17:734,48.6,100
37397736,10:23:17:736,48.6,100
37397973,10:23:17:973,48.6,100
37401002,10:23:21:2,48.595,200
37401114,10:23:21:114,48.59,200
37403677,10:23:23:677,48.58,100
37404002,10:23:24:2,48.59,200
37404002,10:23:24:2,48.59,100
37404002,10:23:24:2,48.59,200
37404002,10:23:24:2,48.59,100
37405312,10:23:25:312,48.5925,100
37414191,10:23:34:191,48.58,13
37422202,10:23:42:202,48.59,100
37434259,10:23:54:259,48.59,300
37439835,10:23:59:835,48.595,100
37439905,10:23:59:905,48.595,100
37443070,10:24:3:70,48.595,100
37443106,10:24:3:106,48.59,43
37443178,10:24:3:178,48.595,100
37451390,10:24:11:390,48.59,25
37451412,10:24:11:412,48.595,100
37451435,10:24:11:435,48.595,100
37451916,10:24:11:916,48.59,232
37455202,10:24:15:202,48.59,100
37455202,10:24:15:202,48.59,100
37455202,10:24:15:202,48.59,10
37455202,10:24:15:202,48.59,90
37457441,10:24:17:441,48.58,100
37457446,10:24:17:446,48.59,100
37457487,10:24:17:487,48.59,100
37457495,10:24:17:495,48.58,100
37468219,10:24:28:219,48.588,125
37490100,10:24:50:100,48.59,100
37494561,10:24:54:561,48.59,100
37499520,10:24:59:520,48.5925,100
37501577,10:25:1:577,48.5999,1
37502388,10:25:2:388,48.595,100
37502392,10:25:2:392,48.595,100
37502392,10:25:2:392,48.59,100
37502392,10:25:2:392,48.59,100
37502394,10:25:2:394,48.595,200
37502472,10:25:2:472,48.585,100
37502502,10:25:2:502,48.59,16
37502506,10:25:2:506,48.58,65
37502593,10:25:2:593,48.595,200
37502596,10:25:2:596,48.595,100
37503415,10:25:3:415,48.59,200
37509667,10:25:9:667,48.58,100
37509668,10:25:9:668,48.58,100
37509668,10:25:9:668,48.58,100
37509668,10:25:9:668,48.58,100
37509674,10:25:9:674,48.58,10
37509738,10:25:9:738,48.58,90
37509739,10:25:9:739,48.58,2
37512281,10:25:12:281,48.575,100
37513335,10:25:13:335,48.575,100
37515795,10:25:15:795,48.575,100
37519609,10:25:19:609,48.57,47
37528665,10:25:28:665,48.57,100
37528765,10:25:28:765,48.57,100
37528788,10:25:28:788,48.57,100
37529635,10:25:29:635,48.57,53
37529635,10:25:29:635,48.56,36
37529635,10:25:29:635,48.56,11
37543200,10:25:43:200,48.57,100
37543202,10:25:43:202,48.57,100
37545086,10:25:45:86,48.575,100
37554751,10:25:54:751,48.57,100
37554752,10:25:54:752,48.57,100
37554752,10:25:54:752,48.57,200
37554752,10:25:54:752,48.57,44
37554752,10:25:54:752,48.57,100
37558091,10:25:58:91,48.57,1
37558522,10:25:58:522,48.56,89
37558530,10:25:58:530,48.565,300
37560734,10:26:0:734,48.565,100
37562669,10:26:2:669,48.56,55
37562690,10:26:2:690,48.56,50
37562900,10:26:2:900,48.565,100
37562959,10:26:2:959,48.565,100
37565350,10:26:5:350,48.56,45
37565350,10:26:5:350,48.56,50
37565350,10:26:5:350,48.56,7
37565350,10:26:5:350,48.56,10
37565350,10:26:5:350,48.56,5
37565350,10:26:5:350,48.56,78
37565350,10:26:5:350,48.56,100
37565355,10:26:5:355,48.565,200
37565732,10:26:5:732,48.56,100
37565738,10:26:5:738,48.56,100
37568343,10:26:8:343,48.55,100
37570973,10:26:10:973,48.54,89
37570973,10:26:10:973,48.54,100
37570974,10:26:10:974,48.54,1
37580622,10:26:20:622,48.53,100
37580624,10:26:20:624,48.53,100
37580625,10:26:20:625,48.53,100
37580627,10:26:20:627,48.53,100
37581783,10:26:21:783,48.52,100
37585568,10:26:25:568,48.53,500
37585569,10:26:25:569,48.53,100
37585569,10:26:25:569,48.53,100
37585569,10:26:25:569,48.53,100
37585569,10:26:25:569,48.53,100
37585569,10:26:25:569,48.53,100
37585569,10:26:25:569,48.53,100
37585569,10:26:25:569,48.53,300
37585574,10:26:25:574,48.54,100
37585574,10:26:25:574,48.54,18
37585574,10:26:25:574,48.54,100
37585574,10:26:25:574,48.54,100
37585574,10:26:25:574,48.54,182
37585574,10:26:25:574,48.54,100
37585583,10:26:25:583,48.55,100
37585714,10:26:25:714,48.555,100
37586083,10:26:26:83,48.56,100
37589521,10:26:29:521,48.57,1
37598807,10:26:38:807,48.58,2
37610311,10:26:50:311,48.57,100
37617337,10:26:57:337,48.56,37
37617339,10:26:57:339,48.565,200
37622087,10:27:2:87,48.57,500
37622087,10:27:2:87,48.57,100
37622087,10:27:2:87,48.57,100
37622087,10:27:2:87,48.57,100
37622087,10:27:2:87,48.57,200
37622124,10:27:2:124,48.57,44
37642733,10:27:22:733,48.575,100
37643354,10:27:23:354,48.575,100
37643356,10:27:23:356,48.575,100
37643656,10:27:23:656,48.575,100
37646435,10:27:26:435,48.5701,47
37647110,10:27:27:110,48.57,100
37647112,10:27:27:112,48.57,100
37647112,10:27:27:112,48.57,100
37647213,10:27:27:213,48.57,10
37647604,10:27:27:604,48.56,100
37651874,10:27:31:874,48.57,68
37655896,10:27:35:896,48.57,100
37655896,10:27:35:896,48.57,100
37655900,10:27:35:900,48.575,100
37656899,10:27:36:899,48.57,100
37656899,10:27:36:899,48.57,100
37656899,10:27:36:899,48.57,32
37656900,10:27:36:900,48.57,100
37656900,10:27:36:900,48.57,10
37656900,10:27:36:900,48.57,10
37663102,10:27:43:102,48.56,100
37663102,10:27:43:102,48.56,100
37674260,10:27:54:260,48.56,200
37674271,10:27:54:271,48.565,100
37675786,10:27:55:786,48.57,100
37675816,10:27:55:816,48.57,100
37682215,10:28:2:215,48.58,100
37682215,10:28:2:215,48.58,100
37682215,10:28:2:215,48.58,100
37682215,10:28:2:215,48.58,507
37682215,10:28:2:215,48.58,100
37682215,10:28:2:215,48.58,200
37682215,10:28:2:215,48.58,507
37682215,10:28:2:215,48.58,100
37682215,10:28:2:215,48.58,100
37682215,10:28:2:215,48.58,29
37682215,10:28:2:215,48.58,400
37682215,10:28:2:215,48.58,100
37682217,10:28:2:217,48.58,100
37684286,10:28:4:286,48.59,147
37686021,10:28:6:21,48.5825,100
37689791,10:28:9:791,48.58,100
37689791,10:28:9:791,48.58,80
37689792,10:28:9:792,48.58,220
37689794,10:28:9:794,48.58,100
37689833,10:28:9:833,48.57,100
37689866,10:28:9:866,48.55,22
37690794,10:28:10:794,48.57,100
37690794,10:28:10:794,48.58,200
37691722,10:28:11:722,48.59,100
37709002,10:28:29:2,48.58,1
37709691,10:28:29:691,48.58,15
37709886,10:28:29:886,48.58,150
37709886,10:28:29:886,48.58,135
37709888,10:28:29:888,48.585,150
37710889,10:28:30:889,48.58,300
37710889,10:28:30:889,48.58,99
37720915,10:28:40:915,48.56,37
37728494,10:28:48:494,48.57,100
37728496,10:28:48:496,48.57,100
37728499,10:28:48:499,48.57,100
37729226,10:28:49:226,48.58,200
37744043,10:29:4:43,48.56,1
37750220,10:29:10:220,48.58,100
37755276,10:29:15:276,48.5898,100
37756173,10:29:16:173,48.57,100
37762994,10:29:22:994,48.56,100
37762996,10:29:22:996,48.56,100
37766208,10:29:26:208,48.56,100
37766871,10:29:26:871,48.56,62
37771082,10:29:31:82,48.54,4
37779598,10:29:39:598,48.56,15
37784221,10:29:44:221,48.55,100
37798677,10:29:58:677,48.55,100
37798677,10:29:58:677,48.55,100
37798677,10:29:58:677,48.55,100
37798677,10:29:58:677,48.55,200
37798678,10:29:58:678,48.55,100
37798678,10:29:58:678,48.55,300
37798679,10:29:58:679,48.56,100
37798679,10:29:58:679,48.56,323
37798679,10:29:58:679,48.56,100
37798679,10:29:58:679,48.56,100
37798680,10:29:58:680,48.56,100
37798689,10:29:58:689,48.56,100
37798748,10:29:58:748,48.56,100
37802845,10:30:2:845,48.56,319
37804490,10:30:4:490,48.565,100
37804492,10:30:4:492,48.565,100
37804960,10:30:4:960,48.56,11
37809761,10:30:9:761,48.56,11
37811168,10:30:11:168,48.565,300
37845458,10:30:45:458,48.57,52
37845458,10:30:45:458,48.57,100
37845458,10:30:45:458,48.57,58
37845458,10:30:45:458,48.57,100
37845458,10:30:45:458,48.57,6
37845458,10:30:45:458,48.57,102
37845458,10:30:45:458,48.57,98
37845564,10:30:45:564,48.57,1
37845977,10:30:45:977,48.58,3
37846562,10:30:46:562,48.58,50
37846562,10:30:46:562,48.58,50
37846562,10:30:46:562,48.58,100
37846562,10:30:46:562,48.58,100
37846562,10:30:46:562,48.58,100
37846562,10:30:46:562,48.58,100
37846562,10:30:46:562,48.58,200
37846562,10:30:46:562,48.59,100
37846565,10:30:46:565,48.59,29
37846584,10:30:46:584,48.58,100
37873346,10:31:13:346,48.58,100
37873347,10:31:13:347,48.58,100
37873347,10:31:13:347,48.58,200
37873347,10:31:13:347,48.58,100
37873347,10:31:13:347,48.58,100
37873347,10:31:13:347,48.58,100
37873347,10:31:13:347,48.58,100
37873348,10:31:13:348,48.57,100
37873348,10:31:13:348,48.57,150
37873348,10:31:13:348,48.57,100
37873348,10:31:13:348,48.57,100
37873348,10:31:13:348,48.57,50
37873365,10:31:13:365,48.56,200
37873366,10:31:13:366,48.56,200
37873388,10:31:13:388,48.58,100
37876324,10:31:16:324,48.57,4
37876325,10:31:16:325,48.57,1
37885343,10:31:25:343,48.56,100
37885385,10:31:25:385,48.56,100
37885386,10:31:25:386,48.56,100
37885386,10:31:25:386,48.56,100
37894606,10:31:34:606,48.56,41
37894753,10:31:34:753,48.5644,100
37896579,10:31:36:579,48.56,100
37896579,10:31:36:579,48.56,59
37896581,10:31:36:581,48.54,100
37896581,10:31:36:581,48.54,300
37896581,10:31:36:581,48.55,100
37896581,10:31:36:581,48.54,500
37896581,10:31:36:581,48.54,8
37896583,10:31:36:583,48.545,400
37896584,10:31:36:584,48.53,99
37896584,10:31:36:584,48.545,100
37896584,10:31:36:584,48.53,1
37896584,10:31:36:584,48.545,400
37896586,10:31:36:586,48.52,100
37896586,10:31:36:586,48.52,200
37896588,10:31:36:588,48.52,99
37896588,10:31:36:588,48.52,1
37903677,10:31:43:677,48.525,100
37903678,10:31:43:678,48.525,100
37903687,10:31:43:687,48.525,100
37926508,10:32:6:508,48.52,100
37932032,10:32:12:32,48.52,300
37932066,10:32:12:66,48.52,833
37938946,10:32:18:946,48.525,100
37944833,10:32:24:833,48.52,79
37946275,10:32:26:275,48.525,100
37946275,10:32:26:275,48.525,100
37963592,10:32:43:592,48.52,220
37963594,10:32:43:594,48.52,100
37963603,10:32:43:603,48.52,100
37963738,10:32:43:738,48.52,100
37966256,10:32:46:256,48.52,1
37966256,10:32:46:256,48.52,20
37966258,10:32:46:258,48.52,100
37966258,10:32:46:258,48.52,53
37966258,10:32:46:258,48.52,100
37966259,10:32:46:259,48.52,123
37966262,10:32:46:262,48.52,100
37966330,10:32:46:330,48.52,100
37967258,10:32:47:258,48.52,77
37972371,10:32:52:371,48.51,100
37972371,10:32:52:371,48.51,100
37972371,10:32:52:371,48.51,8
37972371,10:32:52:371,48.51,100
37972373,10:32:52:373,48.5,100
37972425,10:32:52:425,48.495,100
37973330,10:32:53:330,48.5,2
37973330,10:32:53:330,48.5,20
37973717,10:32:53:717,48.495,100
37974802,10:32:54:802,48.5,200
37974802,10:32:54:802,48.5,1
37974802,10:32:54:802,48.5,100
37976164,10:32:56:164,48.4908,100
37986624,10:33:6:624,48.5,99
37986656,10:33:6:656,48.495,100
37992421,10:33:12:421,48.49,200
37996682,10:33:16:682,48.49,500
38003310,10:33:23:310,48.49,100
38005224,10:33:25:224,48.49,80
38005224,10:33:25:224,48.49,100
38005224,10:33:25:224,48.49,20
38005224,10:33:25:224,48.49,20
38006205,10:33:26:205,48.48,43
38010848,10:33:30:848,48.4601,3
38013022,10:33:33:22,48.48,100
38013025,10:33:33:25,48.48,100
38013030,10:33:33:30,48.48,100
38020673,10:33:40:673,48.47,100
38020673,10:33:40:673,48.47,57
38047299,10:34:7:299,48.47,100
38047341,10:34:7:341,48.47,100
38048025,10:34:8:25,48.47,1
38049979,10:34:9:979,48.47,100
38054390,10:34:14:390,48.47,2
38057225,10:34:17:225,48.47,100
38059625,10:34:19:625,48.46,100
38059625,10:34:19:625,48.46,93
38059625,10:34:19:625,48.46,100
38059625,10:34:19:625,48.46,100
38059633,10:34:19:633,48.465,200
38072634,10:34:32:634,48.465,100
38078465,10:34:38:465,48.465,100
38079837,10:34:39:837,48.469,22
38101453,10:35:1:453,48.47,300
38101453,10:35:1:453,48.47,2
38101453,10:35:1:453,48.47,135
38101453,10:35:1:453,48.47,1
38101453,10:35:1:453,48.47,62
38101453,10:35:1:453,48.47,100
38101453,10:35:1:453,48.47,259
38101454,10:35:1:454,48.47,41
38101454,10:35:1:454,48.47,38
38101454,10:35:1:454,48.47,100
38101454,10:35:1:454,48.47,59
38110061,10:35:10:61,48.46,22
38111604,10:35:11:604,48.47,1
38111604,10:35:11:604,48.47,1
38111604,10:35:11:604,48.47,6
38111604,10:35:11:604,48.47,10
38111831,10:35:11:831,48.475,100
38132405,10:35:32:405,48.47,5
38132421,10:35:32:421,48.475,100
38138035,10:35:38:35,48.475,100
38141021,10:35:41:21,48.48,100
38141022,10:35:41:22,48.48,52
38141022,10:35:41:22,48.48,200
38141022,10:35:41:22,48.48,100
38141022,10:35:41:22,48.48,100
38141022,10:35:41:22,48.48,100
38141022,10:35:41:22,48.48,350
38141023,10:35:41:23,48.48,100
38141023,10:35:41:23,48.48,100
38141023,10:35:41:23,48.48,100
38141023,10:35:41:23,48.48,100
38141023,10:35:41:23,48.48,6
38141023,10:35:41:23,48.48,100
38141023,10:35:41:23,48.48,100
38146196,10:35:46:196,48.49,2
38146197,10:35:46:197,48.49,18
38146197,10:35:46:197,48.49,18
38146197,10:35:46:197,48.49,18
38152459,10:35:52:459,48.48,100
38155006,10:35:55:6,48.48,200
38155006,10:35:55:6,48.48,7
38155006,10:35:55:6,48.48,60
38155006,10:35:55:6,48.48,100
38155008,10:35:55:8,48.48,100
38169421,10:36:9:421,48.48,100
38172185,10:36:12:185,48.475,100
38172238,10:36:12:238,48.47,100
38188003,10:36:28:3,48.47,98
38188013,10:36:28:13,48.475,100
38188243,10:36:28:243,48.475,100
38188252,10:36:28:252,48.475,100
38192824,10:36:32:824,48.47,1
38195572,10:36:35:572,48.4713,21
38200352,10:36:40:352,48.48,100
38200352,10:36:40:352,48.48,100
38200352,10:36:40:352,48.48,100
38200352,10:36:40:352,48.48,100
38200353,10:36:40:353,48.48,208
38200353,10:36:40:353,48.48,100
38200353,10:36:40:353,48.49,100
38200354,10:36:40:354,48.49,8
38200354,10:36:40:354,48.49,100
38200354,10:36:40:354,48.49,8
38200354,10:36:40:354,48.49,92
38200354,10:36:40:354,48.49,92
38201769,10:36:41:769,48.5,11
38249297,10:37:29:297,48.49,22
38249297,10:37:29:297,48.49,78
38249297,10:37:29:297,48.49,100
38249297,10:37:29:297,48.49,10
38249299,10:37:29:299,48.495,150
38249302,10:37:29:302,48.495,500
38262161,10:37:42:161,48.48,22
38269516,10:37:49:516,48.49,100
38271430,10:37:51:430,48.49,100
38273090,10:37:53:90,48.5,500
38273448,10:37:53:448,48.5,100
38273449,10:37:53:449,48.5,100
38275825,10:37:55:825,48.5,100
38275827,10:37:55:827,48.5,100
38275830,10:37:55:830,48.5,100
38276732,10:37:56:732,48.5,100
38276732,10:37:56:732,48.5,46
38276732,10:37:56:732,48.5,100
38276732,10:37:56:732,48.5,6
38276733,10:37:56:733,48.5,100
38276733,10:37:56:733,48.5,329
38276733,10:37:56:733,48.5,25
38276734,10:37:56:734,48.51,100
38276749,10:37:56:749,48.505,100
38276910,10:37:56:910,48.505,100
38276910,10:37:56:910,48.505,100
38278517,10:37:58:517,48.5,100
38282880,10:38:2:880,48.505,100
38284668,10:38:4:668,48.51,100
38284671,10:38:4:671,48.51,100
38284680,10:38:4:680,48.51,100
38284697,10:38:4:697,48.51,100
38284726,10:38:4:726,48.51,100
38285784,10:38:5:784,48.51,100
38285791,10:38:5:791,48.51,100
38285808,10:38:5:808,48.51,100
38286336,10:38:6:336,48.51,100
38286338,10:38:6:338,48.51,100
38286347,10:38:6:347,48.51,100
38286436,10:38:6:436,48.51,100
38286513,10:38:6:513,48.51,100
38286522,10:38:6:522,48.51,100
38286664,10:38:6:664,48.51,100
38286675,10:38:6:675,48.51,100
38286690,10:38:6:690,48.51,100
38287725,10:38:7:725,48.51,100
38287733,10:38:7:733,48.51,100
38288793,10:38:8:793,48.51,100
38288799,10:38:8:799,48.51,100
38288816,10:38:8:816,48.51,100
38290202,10:38:10:202,48.51,200
38290202,10:38:10:202,48.51,100
38291019,10:38:11:19,48.52,100
38291019,10:38:11:19,48.52,200
38291019,10:38:11:19,48.52,200
38291019,10:38:11:19,48.52,100
38291019,10:38:11:19,48.52,100
38291019,10:38:11:19,48.52,400
38291020,10:38:11:20,48.52,20
38291020,10:38:11:20,48.52,100
38291021,10:38:11:21,48.52,48
38291468,10:38:11:468,48.52,100
38292131,10:38:12:131,48.53,100
38292131,10:38:12:131,48.53,100
38293910,10:38:13:910,48.53,100
38294300,10:38:14:300,48.53,100
38295463,10:38:15:463,48.54,100
38298207,10:38:18:207,48.53,100
38298211,10:38:18:211,48.53,200
38299041,10:38:19:41,48.53,100
38299046,10:38:19:46,48.53,100
38299304,10:38:19:304,48.53,300
38299339,10:38:19:339,48.53,506
38303273,10:38:23:273,48.54,100
38305639,10:38:25:639,48.54,100
38305639,10:38:25:639,48.54,100
38305639,10:38:25:639,48.54,100
38305639,10:38:25:639,48.54,100
38305639,10:38:25:639,48.54,100
38306829,10:38:26:829,48.53,100
38306830,10:38:26:830,48.53,100
38306920,10:38:26:920,48.52,100
38306920,10:38:26:920,48.52,100
38309743,10:38:29:743,48.51,100
38309743,10:38:29:743,48.51,100
38309753,10:38:29:753,48.51,400
38309768,10:38:29:768,48.51,100
38314054,10:38:34:54,48.52,400
38315978,10:38:35:978,48.51,600
38316093,10:38:36:93,48.52,600
38324706,10:38:44:706,48.52,100
38358613,10:39:18:613,48.51,71
38362290,10:39:22:290,48.51,900
38362290,10:39:22:290,48.51,300
38362290,10:39:22:290,48.51,200
38362291,10:39:22:291,48.51,129
38362300,10:39:22:300,48.52,300
38363293,10:39:23:293,48.51,100
38363293,10:39:23:293,48.51,200
38363295,10:39:23:295,48.51,300
38363383,10:39:23:383,48.51,200
38369510,10:39:29:510,48.5,100
38369510,10:39:29:510,48.5,100
38369510,10:39:29:510,48.5,100
38380425,10:39:40:425,48.51,100
38380425,10:39:40:425,48.51,200
38380432,10:39:40:432,48.51,200
38395248,10:39:55:248,48.49,27
38395623,10:39:55:623,48.51,100
38409530,10:40:9:530,48.51,11
38414820,10:40:14:820,48.51,100
38426220,10:40:26:220,48.495,100
38430933,10:40:30:933,48.51,5
38441742,10:40:41:742,48.495,100
38441745,10:40:41:745,48.495,100
38441746,10:40:41:746,48.495,100
38441997,10:40:41:997,48.495,100
38441997,10:40:41:997,48.495,100
38441998,10:40:41:998,48.495,100
38445496,10:40:45:496,48.49,200
38445629,10:40:45:629,48.49,100
38445775,10:40:45:775,48.49,100
38452715,10:40:52:715,48.49,10
38458109,10:40:58:109,48.49,47
38459056,10:40:59:56,48.49,100
38459124,10:40:59:124,48.49,100
38461349,10:41:1:349,48.5,100
38461349,10:41:1:349,48.5,100
38461349,10:41:1:349,48.5,100
38461350,10:41:1:350,48.5,200
38461350,10:41:1:350,48.5,100
38461350,10:41:1:350,48.5,50
38461350,10:41:1:350,48.5,50
38461350,10:41:1:350,48.5,50
38461350,10:41:1:350,48.5,121
38461350,10:41:1:350,48.5,150
38461350,10:41:1:350,48.5,50
38461350,10:41:1:350,48.5,29
38461350,10:41:1:350,48.5,100
38461350,10:41:1:350,48.5,100
38461373,10:41:1:373,48.51,100
38461374,10:41:1:374,48.51,101
38461374,10:41:1:374,48.51,100
38461374,10:41:1:374,48.51,100
38461374,10:41:1:374,48.51,28
38461375,10:41:1:375,48.51,72
38461375,10:41:1:375,48.51,100
38461375,10:41:1:375,48.51,100
38480110,10:41:20:110,48.51,17
38492674,10:41:32:674,48.51,83
38493676,10:41:33:676,48.51,100
38494678,10:41:34:678,48.51,100
38510959,10:41:50:959,48.51,100
38510959,10:41:50:959,48.51,100
38510959,10:41:50:959,48.51,117
38510959,10:41:50:959,48.51,100
38523909,10:42:3:909,48.51,4
38536975,10:42:16:975,48.515,100
38538007,10:42:18:7,48.52,100
38563394,10:42:43:394,48.52,57
38563394,10:42:43:394,48.52,43
38563642,10:42:43:642,48.52,200
38563642,10:42:43:642,48.52,100
38563642,10:42:43:642,48.52,100
38563643,10:42:43:643,48.52,100
38563643,10:42:43:643,48.52,22
38563643,10:42:43:643,48.52,100
38564755,10:42:44:755,48.51,100
38564834,10:42:44:834,48.51,240
38564836,10:42:44:836,48.51,200
38564836,10:42:44:836,48.51,100
38564836,10:42:44:836,48.51,100
38564837,10:42:44:837,48.51,200
38564837,10:42:44:837,48.51,28
38564838,10:42:44:838,48.51,100
38564839,10:42:44:839,48.51,100
38564840,10:42:44:840,48.51,10
38564888,10:42:44:888,48.51,100
38565928,10:42:45:928,48.51,100
38570938,10:42:50:938,48.5074,645
38586698,10:43:6:698,48.505,100
38587517,10:43:7:517,48.5,80
38587518,10:43:7:518,48.5,119
38587518,10:43:7:518,48.5,1
38587518,10:43:7:518,48.5,100
38588391,10:43:8:391,48.495,200
38589359,10:43:9:359,48.495,100
38590223,10:43:10:223,48.5,200
38590229,10:43:10:229,48.5,400
38607421,10:43:27:421,48.5,100
38618218,10:43:38:218,48.495,100
38619641,10:43:39:641,48.49,100
38619644,10:43:39:644,48.49,100
38619646,10:43:39:646,48.49,100
38619761,10:43:39:761,48.49,100
38619796,10:43:39:796,48.49,100
38619797,10:43:39:797,48.49,100
38623691,10:43:43:691,48.49,100
38631408,10:43:51:408,48.49,33
38631417,10:43:51:417,48.495,100
38632024,10:43:52:24,48.49,100
38642861,10:44:2:861,48.49,67
38643078,10:44:3:78,48.49,200
38643088,10:44:3:88,48.485,200
38643403,10:44:3:403,48.48,100
38643403,10:44:3:403,48.48,100
38643576,10:44:3:576,48.485,100
38650386,10:44:10:386,48.46,20
38651122,10:44:11:122,48.45,100
38674425,10:44:34:425,48.46,100
38674428,10:44:34:428,48.46,100
38678802,10:44:38:802,48.4487,50
38694164,10:44:54:164,48.43,60
38700976,10:45:0:976,48.43,100
38707500,10:45:7:500,48.44,5
38707507,10:45:7:507,48.43,95
38710085,10:45:10:85,48.435,200
38712723,10:45:12:723,48.435,100
38712887,10:45:12:887,48.43,200
38712888,10:45:12:888,48.43,100
38712888,10:45:12:888,48.43,20
38712987,10:45:12:987,48.425,100
38721298,10:45:21:298,48.425,100
38721653,10:45:21:653,48.425,100
38721655,10:45:21:655,48.425,100
38721837,10:45:21:837,48.425,100
38721915,10:45:21:915,48.425,100
38727835,10:45:27:835,48.42,100
38727836,10:45:27:836,48.42,100
38727839,10:45:27:839,48.42,100
38729875,10:45:29:875,48.415,100
38734359,10:45:34:359,48.42,1
38734359,10:45:34:359,48.42,99
38734360,10:45:34:360,48.42,300
38734360,10:45:34:360,48.42,200
38734360,10:45:34:360,48.42,200
38734360,10:45:34:360,48.42,100
38734360,10:45:34:360,48.42,100
38734360,10:45:34:360,48.42,100
38734360,10:45:34:360,48.42,300
38734360,10:45:34:360,48.42,200
38734361,10:45:34:361,48.42,100
38734374,10:45:34:374,48.43,50
38734394,10:45:34:394,48.42,100
38734768,10:45:34:768,48.43,300
38734768,10:45:34:768,48.43,100
38734768,10:45:34:768,48.43,1
38734768,10:45:34:768,48.43,49
38734768,10:45:34:768,48.43,51
38734769,10:45:34:769,48.43,16
38734769,10:45:34:769,48.43,84
38736389,10:45:36:389,48.43,1
38755010,10:45:55:10,48.43,100
38755011,10:45:55:11,48.43,100
38755013,10:45:55:13,48.43,100
38755014,10:45:55:14,48.42,100
38755014,10:45:55:14,48.43,100
38755015,10:45:55:15,48.42,100
38760003,10:46:0:3,48.42,240
38760003,10:46:0:3,48.42,260
38760003,10:46:0:3,48.42,260
38760003,10:46:0:3,48.42,17
38760003,10:46:0:3,48.42,100
38760003,10:46:0:3,48.42,100
38760003,10:46:0:3,48.42,159
38760003,10:46:0:3,48.42,100
38760003,10:46:0:3,48.42,101
38761005,10:46:1:5,48.42,100
38761094,10:46:1:94,48.42,100
38761094,10:46:1:94,48.42,7
38763157,10:46:3:157,48.43,100
38763162,10:46:3:162,48.43,200
38763163,10:46:3:163,48.43,100
38763163,10:46:3:163,48.43,100
38763271,10:46:3:271,48.43,100
38763437,10:46:3:437,48.43,100
38787316,10:46:27:316,48.435,100
38787319,10:46:27:319,48.435,100
38787322,10:46:27:322,48.435,100
38787324,10:46:27:324,48.43,200
38787324,10:46:27:324,48.43,100
38787324,10:46:27:324,48.43,100
38787324,10:46:27:324,48.43,100
38787324,10:46:27:324,48.43,100
38787324,10:46:27:324,48.43,11
38787324,10:46:27:324,48.43,100
38787327,10:46:27:327,48.43,200
38787427,10:46:27:427,48.435,100
38787520,10:46:27:520,48.435,100
38788249,10:46:28:249,48.42,100
38802624,10:46:42:624,48.43,100
38802625,10:46:42:625,48.43,200
38847638,10:47:27:638,48.425,200
38848553,10:47:28:553,48.43,200
38848563,10:47:28:563,48.425,100
38848565,10:47:28:565,48.425,100
38848722,10:47:28:722,48.43,100
38848743,10:47:28:743,48.425,100
38853594,10:47:33:594,48.42,100
38853596,10:47:33:596,48.42,400
38853659,10:47:33:659,48.42,100
38853660,10:47:33:660,48.42,143
38853661,10:47:33:661,48.42,100
38853682,10:47:33:682,48.415,100
38856764,10:47:36:764,48.42,100
38856773,10:47:36:773,48.415,100
38857165,10:47:37:165,48.415,100
38857327,10:47:37:327,48.415,200
38857421,10:47:37:421,48.42,100
38857585,10:47:37:585,48.42,100
38857585,10:47:37:585,48.42,100
38857585,10:47:37:585,48.42,200
38857585,10:47:37:585,48.42,100
38857585,10:47:37:585,48.42,200
38857585,10:47:37:585,48.42,10
38857688,10:47:37:688,48.43,124
38857688,10:47:37:688,48.43,100
38857688,10:47:37:688,48.43,100
38857688,10:47:37:688,48.43,31
38857688,10:47:37:688,48.43,69
38857688,10:47:37:688,48.43,200
38857820,10:47:37:820,48.415,100
38857864,10:47:37:864,48.435,100
38857870,10:47:37:870,48.435,100
38857872,10:47:37:872,48.435,100
38857897,10:47:37:897,48.44,100
38858246,10:47:38:246,48.435,100
38859192,10:47:39:192,48.435,100
38859802,10:47:39:802,48.44,100
38859802,10:47:39:802,48.44,100
38859802,10:47:39:802,48.44,45
38859802,10:47:39:802,48.44,6
38859802,10:47:39:802,48.44,200
38859802,10:47:39:802,48.44,300
38859802,10:47:39:802,48.44,94
38859802,10:47:39:802,48.44,6
38859802,10:47:39:802,48.44,55
38859803,10:47:39:803,48.44,100
38866363,10:47:46:363,48.4271,100
38867393,10:47:47:393,48.43,100
38868822,10:47:48:822,48.44,100
38870373,10:47:50:373,48.44,100
38914550,10:48:34:550,48.45,100
38919249,10:48:39:249,48.445,100
38920417,10:48:40:417,48.45,100
38920462,10:48:40:462,48.45,100
38921176,10:48:41:176,48.45,100
38921182,10:48:41:182,48.45,100
38921185,10:48:41:185,48.45,100
38921192,10:48:41:192,48.45,100
38921209,10:48:41:209,48.45,100
38921254,10:48:41:254,48.45,100
38921431,10:48:41:431,48.45,100
38921433,10:48:41:433,48.45,100
38923880,10:48:43:880,48.45,100
38923880,10:48:43:880,48.45,100
38923880,10:48:43:880,48.45,100
38923881,10:48:43:881,48.45,100
38923881,10:48:43:881,48.45,100
38923881,10:48:43:881,48.45,100
38923881,10:48:43:881,48.45,100
38923881,10:48:43:881,48.45,100
38923882,10:48:43:882,48.45,100
38923901,10:48:43:901,48.45,100
38923986,10:48:43:986,48.45,100
38924457,10:48:44:457,48.45,100
38924459,10:48:44:459,48.45,100
38926922,10:48:46:922,48.45,18
38926923,10:48:46:923,48.45,82
38926923,10:48:46:923,48.45,100
38929563,10:48:49:563,48.45,300
38929774,10:48:49:774,48.45,800
38931002,10:48:51:2,48.45,100
38931002,10:48:51:2,48.45,100
38931002,10:48:51:2,48.45,300
38931002,10:48:51:2,48.45,59
38931002,10:48:51:2,48.45,80
38931593,10:48:51:593,48.46,200
38931828,10:48:51:828,48.46,100
38931850,10:48:51:850,48.46,100
38933053,10:48:53:53,48.46,200
38933483,10:48:53:483,48.46,100
38933673,10:48:53:673,48.46,100
38935410,10:48:55:410,48.45,100
38936350,10:48:56:350,48.46,300
38936381,10:48:56:381,48.46,100
38936436,10:48:56:436,48.46,100
38936496,10:48:56:496,48.46,200
38937540,10:48:57:540,48.46,100
38937555,10:48:57:555,48.46,100
38939200,10:48:59:200,48.46,100
38939215,10:48:59:215,48.46,100
38939318,10:48:59:318,48.46,100
38939318,10:48:59:318,48.46,200
38939318,10:48:59:318,48.46,100
38939318,10:48:59:318,48.46,100
38939318,10:48:59:318,48.46,20
38939318,10:48:59:318,48.46,100
38939318,10:48:59:318,48.46,39
38939319,10:48:59:319,48.46,100
38939320,10:48:59:320,48.46,10
38939320,10:48:59:320,48.46,90
38939321,10:48:59:321,48.46,100
38939321,10:48:59:321,48.46,100
38939321,10:48:59:321,48.46,100
38949658,10:49:9:658,48.47,41
38949658,10:49:9:658,48.47,46
38949659,10:49:9:659,48.47,73
38949659,10:49:9:659,48.47,53
38949659,10:49:9:659,48.47,46
38949659,10:49:9:659,48.47,46
38949659,10:49:9:659,48.47,54
38949659,10:49:9:659,48.47,99
38949659,10:49:9:659,48.47,1
38949659,10:49:9:659,48.47,6
38949659,10:49:9:659,48.47,100
38949659,10:49:9:659,48.47,1
38949659,10:49:9:659,48.47,8
38949659,10:49:9:659,48.47,6
38949659,10:49:9:659,48.47,54
38949659,10:49:9:659,48.47,80
38956826,10:49:16:826,48.47,100
38958868,10:49:18:868,48.47,100
38958868,10:49:18:868,48.47,100
38958869,10:49:18:869,48.47,100
38958869,10:49:18:869,48.47,80
38959273,10:49:19:273,48.47,100
38965711,10:49:25:711,48.47,100
38965713,10:49:25:713,48.47,200
38965714,10:49:25:714,48.47,100
38965714,10:49:25:714,48.47,100
38965715,10:49:25:715,48.47,100
38965717,10:49:25:717,48.47,100
38965718,10:49:25:718,48.47,300
38968692,10:49:28:692,48.47,100
38968697,10:49:28:697,48.47,100
38968725,10:49:28:725,48.4725,100
38971271,10:49:31:271,48.47,100
38972520,10:49:32:520,48.47,100
38973748,10:49:33:748,48.47,100
38975944,10:49:35:944,48.47,100
38975944,10:49:35:944,48.47,200
38980813,10:49:40:813,48.46,100
38980813,10:49:40:813,48.46,462
38980814,10:49:40:814,48.46,138
38980814,10:49:40:814,48.46,100
38980815,10:49:40:815,48.46,100
38980816,10:49:40:816,48.46,204
39004533,10:50:4:533,48.47,100
39005085,10:50:5:85,48.46,1
39008839,10:50:8:839,48.465,100
39008840,10:50:8:840,48.465,100
39008844,10:50:8:844,48.465,100
39008847,10:50:8:847,48.465,100
39009131,10:50:9:131,48.465,100
39009144,10:50:9:144,48.465,100
39009145,10:50:9:145,48.465,100
39022423,10:50:22:423,48.47,100
39029917,10:50:29:917,48.47,100
39043421,10:50:43:421,48.47,100
39057506,10:50:57:506,48.47,72
39064362,10:51:4:362,48.46,1
39064492,10:51:4:492,48.47,100
39064492,10:51:4:492,48.47,100
39064492,10:51:4:492,48.47,156
39064492,10:51:4:492,48.47,200
39064492,10:51:4:492,48.47,144
39064492,10:51:4:492,48.47,100
39064493,10:51:4:493,48.47,6
39064493,10:51:4:493,48.47,100
39064493,10:51:4:493,48.47,100
39064493,10:51:4:493,48.47,100
39064493,10:51:4:493,48.47,100
39064498,10:51:4:498,48.47,100
39064545,10:51:4:545,48.47,100
39065329,10:51:5:329,48.47,22
39065329,10:51:5:329,48.47,78
39065333,10:51:5:333,48.47,100
39070602,10:51:10:602,48.47,200
39086918,10:51:26:918,48.47,100
39086918,10:51:26:918,48.47,200
39086918,10:51:26:918,48.47,100
39086919,10:51:26:919,48.46,300
39086919,10:51:26:919,48.46,100
39086919,10:51:26:919,48.46,100
39086919,10:51:26:919,48.46,100
39086920,10:51:26:920,48.46,100
39086920,10:51:26:920,48.465,100
39086921,10:51:26:921,48.47,100
39087921,10:51:27:921,48.46,300
39087928,10:51:27:928,48.46,100
39092808,10:51:32:808,48.4599,40
39100802,10:51:40:802,48.45,100
39100802,10:51:40:802,48.45,100
39100802,10:51:40:802,48.45,100
39100802,10:51:40:802,48.45,200
39100802,10:51:40:802,48.45,100
39103794,10:51:43:794,48.44,100
39104573,10:51:44:573,48.43,100
39127073,10:52:7:73,48.43,100
39134125,10:52:14:125,48.4,100
39134207,10:52:14:207,48.4,200
39134424,10:52:14:424,48.42,200
39138008,10:52:18:8,48.41,200
39156658,10:52:36:658,48.405,100
39156660,10:52:36:660,48.405,100
39156662,10:52:36:662,48.405,100
39156805,10:52:36:805,48.405,100
39156845,10:52:36:845,48.405,100
39156846,10:52:36:846,48.405,100
39163609,10:52:43:609,48.41,1
39177202,10:52:57:202,48.42,50
39177202,10:52:57:202,48.42,200
39177202,10:52:57:202,48.42,50
39184558,10:53:4:558,48.42,100
39200477,10:53:20:477,48.42,100
39202251,10:53:22:251,48.42,100
39202252,10:53:22:252,48.42,100
39202252,10:53:22:252,48.42,100
39202252,10:53:22:252,48.42,300
39202254,10:53:22:254,48.43,100
39202258,10:53:22:258,48.43,200
39202270,10:53:22:270,48.43,200
39202367,10:53:22:367,48.42,100
39202447,10:53:22:447,48.43,100
39203881,10:53:23:881,48.42,100
39203882,10:53:23:882,48.42,2
39203888,10:53:23:888,48.43,200
39203900,10:53:23:900,48.42,100
39203902,10:53:23:902,48.42,100
39203905,10:53:23:905,48.42,100
39203907,10:53:23:907,48.42,100
39206287,10:53:26:287,48.43,100
39213844,10:53:33:844,48.43,100
39220694,10:53:40:694,48.42,100
39236110,10:53:56:110,48.43,100
39236110,10:53:56:110,48.43,100
39236111,10:53:56:111,48.43,100
39236111,10:53:56:111,48.43,100
39245074,10:54:5:74,48.425,100
39251103,10:54:11:103,48.42,3
39252822,10:54:12:822,48.43,100
39264660,10:54:24:660,48.43,100
39264662,10:54:24:662,48.43,100
39264826,10:54:24:826,48.4275,100
39268821,10:54:28:821,48.43,100
39275902,10:54:35:902,48.43,100
39275903,10:54:35:903,48.43,100
39275903,10:54:35:903,48.43,100
39275904,10:54:35:904,48.43,100
39275904,10:54:35:904,48.43,100
39275904,10:54:35:904,48.43,100
39275904,10:54:35:904,48.43,100
39275906,10:54:35:906,48.44,100
39278272,10:54:38:272,48.435,100
39282478,10:54:42:478,48.43,100
39282478,10:54:42:478,48.43,100
39282481,10:54:42:481,48.43,100
39294025,10:54:54:25,48.43,200
39294026,10:54:54:26,48.43,100
39294026,10:54:54:26,48.43,100
39294027,10:54:54:27,48.43,150
39294027,10:54:54:27,48.43,100
39294027,10:54:54:27,48.43,50
39294028,10:54:54:28,48.43,100
39295092,10:54:55:92,48.43,100
39295093,10:54:55:93,48.43,10
39295093,10:54:55:93,48.43,90
39295093,10:54:55:93,48.43,10
39295097,10:54:55:97,48.43,100
39313754,10:55:13:754,48.43,100
39314659,10:55:14:659,48.44,1
39332498,10:55:32:498,48.44,100
39337660,10:55:37:660,48.435,100
39337662,10:55:37:662,48.435,100
39343115,10:55:43:115,48.435,100
39346744,10:55:46:744,48.435,5
39353140,10:55:53:140,48.43,100
39353140,10:55:53:140,48.43,100
39353140,10:55:53:140,48.43,100
39353140,10:55:53:140,48.43,100
39353141,10:55:53:141,48.43,100
39353141,10:55:53:141,48.435,100
39353141,10:55:53:141,48.43,100
39353143,10:55:53:143,48.435,100
39353143,10:55:53:143,48.435,100
39354143,10:55:54:143,48.43,100
39354144,10:55:54:144,48.43,100
39354144,10:55:54:144,48.43,100
39354144,10:55:54:144,48.43,100
39354710,10:55:54:710,48.43,100
39355012,10:55:55:12,48.42,100
39355013,10:55:55:13,48.42,100
39355016,10:55:55:16,48.42,100
39355017,10:55:55:17,48.42,200
39355020,10:55:55:20,48.42,100
39355979,10:55:55:979,48.43,6
39355979,10:55:55:979,48.43,94
39374303,10:56:14:303,48.42,100
39374304,10:56:14:304,48.42,100
39374304,10:56:14:304,48.42,100
39374304,10:56:14:304,48.42,100
39374304,10:56:14:304,48.42,352
39374304,10:56:14:304,48.42,50
39374304,10:56:14:304,48.42,50
39374304,10:56:14:304,48.42,100
39374304,10:56:14:304,48.42,100
39374304,10:56:14:304,48.42,100
39374304,10:56:14:304,48.42,248
39374663,10:56:14:663,48.42,100
39375014,10:56:15:14,48.42,1
39375307,10:56:15:307,48.42,100
39375308,10:56:15:308,48.42,100
39375308,10:56:15:308,48.42,100
39375308,10:56:15:308,48.42,100
39375308,10:56:15:308,48.42,99
39375314,10:56:15:314,48.42,100
39404092,10:56:44:92,48.43,100
39404223,10:56:44:223,48.43,100
39427384,10:57:7:384,48.425,100
39435193,10:57:15:193,48.42,100
39435193,10:57:15:193,48.42,100
39435193,10:57:15:193,48.42,100
39435193,10:57:15:193,48.42,100
39435193,10:57:15:193,48.42,100
39435193,10:57:15:193,48.42,52
39435193,10:57:15:193,48.42,100
39435193,10:57:15:193,48.42,100
39435193,10:57:15:193,48.42,250
39435193,10:57:15:193,48.42,100
39435193,10:57:15:193,48.42,98
39435193,10:57:15:193,48.42,100
39435193,10:57:15:193,48.42,50
39435193,10:57:15:193,48.42,50
39435193,10:57:15:193,48.42,50
39435193,10:57:15:193,48.42,50
39435195,10:57:15:195,48.425,100
39435196,10:57:15:196,48.425,100
39435197,10:57:15:197,48.42,100
39435265,10:57:15:265,48.425,100
39436051,10:57:16:51,48.41,58
39436051,10:57:16:51,48.41,100
39436052,10:57:16:52,48.41,42
39436052,10:57:16:52,48.41,8
39436052,10:57:16:52,48.41,92
39436052,10:57:16:52,48.41,100
39436196,10:57:16:196,48.41,6
39436196,10:57:16:196,48.41,94
39436256,10:57:16:256,48.41,6
39483296,10:58:3:296,48.4075,300
39487172,10:58:7:172,48.41,100
39487180,10:58:7:180,48.41,200
39487180,10:58:7:180,48.41,200
39487278,10:58:7:278,48.41,100
39487561,10:58:7:561,48.41,100
39491712,10:58:11:712,48.4146,999
39491821,10:58:11:821,48.42,100
39494504,10:58:14:504,48.415,100
39494662,10:58:14:662,48.415,100
39494705,10:58:14:705,48.415,100
39494706,10:58:14:706,48.415,100
39494708,10:58:14:708,48.41,100
39494708,10:58:14:708,48.41,100
39495712,10:58:15:712,48.41,100
39495712,10:58:15:712,48.41,100
39495713,10:58:15:713,48.405,100
39495713,10:58:15:713,48.41,40
39495713,10:58:15:713,48.41,40
39495798,10:58:15:798,48.4,52
39497760,10:58:17:760,48.41,40
39497760,10:58:17:760,48.41,100
39497760,10:58:17:760,48.41,100
39497760,10:58:17:760,48.41,100
39497760,10:58:17:760,48.41,100
39497761,10:58:17:761,48.42,100
39497761,10:58:17:761,48.42,100
39497762,10:58:17:762,48.42,800
39497762,10:58:17:762,48.42,100
39497763,10:58:17:763,48.42,100
39497918,10:58:17:918,48.42,100
39498023,10:58:18:23,48.43,100
39498376,10:58:18:376,48.425,100
39501462,10:58:21:462,48.4205,654
39501563,10:58:21:563,48.425,100
39501622,10:58:21:622,48.43,100
39517524,10:58:37:524,48.425,100
39518743,10:58:38:743,48.43,100
39518743,10:58:38:743,48.43,100
39518743,10:58:38:743,48.43,200
39518743,10:58:38:743,48.43,100
39518743,10:58:38:743,48.43,100
39518743,10:58:38:743,48.43,100
39518743,10:58:38:743,48.43,100
39532973,10:58:52:973,48.44,100
39533222,10:58:53:222,48.44,100
39542979,10:59:2:979,48.44,200
39542979,10:59:2:979,48.44,100
39542979,10:59:2:979,48.44,100
39542979,10:59:2:979,48.44,10
39542979,10:59:2:979,48.44,6
39542979,10:59:2:979,48.44,100
39542980,10:59:2:980,48.44,100
39542980,10:59:2:980,48.44,100
39569026,10:59:29:26,48.45,100
39569027,10:59:29:27,48.45,100
39569027,10:59:29:27,48.45,200
39569027,10:59:29:27,48.45,200
39569027,10:59:29:27,48.45,300
39569027,10:59:29:27,48.45,100
39569028,10:59:29:28,48.45,2
39569028,10:59:29:28,48.45,100
