MsOfDay, Time,Price,Size
34200005,9:30:0:5,48.34,12758
34201817,9:30:1:817,48.34,2
34207617,9:30:7:617,48.21,31
34208386,9:30:8:386,48.21,1
34213543,9:30:13:543,48.28,100
34213543,9:30:13:543,48.29,100
34213543,9:30:13:543,48.28,100
34213543,9:30:13:543,48.29,100
34213543,9:30:13:543,48.28,100
34213543,9:30:13:543,48.29,100
34213543,9:30:13:543,48.29,100
34213544,9:30:13:544,48.41,5
34213545,9:30:13:545,48.41,1
34230499,9:30:30:499,48.32,100
34245551,9:30:45:551,48.32,6
34259521,9:30:59:521,48.32,94
34259521,9:30:59:521,48.39,6
34294006,9:31:34:6,48.32,100
34294007,9:31:34:7,48.32,1400
34294007,9:31:34:7,48.32,400
34294026,9:31:34:26,48.39,100
34298569,9:31:38:569,48.4,100
34298569,9:31:38:569,48.4,100
34298569,9:31:38:569,48.4,100
34298569,9:31:38:569,48.41,100
34298570,9:31:38:570,48.41,100
34298571,9:31:38:571,48.42,100
34298571,9:31:38:571,48.4,100
34298571,9:31:38:571,48.42,100
34298580,9:31:38:580,48.41,100
34298580,9:31:38:580,48.42,100
34298581,9:31:38:581,48.42,100
34298581,9:31:38:581,48.43,2
34298599,9:31:38:599,48.44,3
34298599,9:31:38:599,48.43,198
34298600,9:31:38:600,48.45,100
34298601,9:31:38:601,48.43,100
34306045,9:31:46:45,48.48,100
34306045,9:31:46:45,48.48,100
34306086,9:31:46:86,48.48,100
34306086,9:31:46:86,48.48,100
34306096,9:31:46:96,48.49,100
34306097,9:31:46:97,48.49,14
34306097,9:31:46:97,48.49,56
34306098,9:31:46:98,48.49,30
34306139,9:31:46:139,48.49,70
34306139,9:31:46:139,48.5,230
34310847,9:31:50:847,48.35,2
34317040,9:31:57:40,48.5,254
34317040,9:31:57:40,48.48,2
34317040,9:31:57:40,48.5,498
34317040,9:31:57:40,48.5,500
34317040,9:31:57:40,48.5,2
34317067,9:31:57:67,48.52,100
34317091,9:31:57:91,48.52,147
34317091,9:31:57:91,48.52,100
34317091,9:31:57:91,48.52,100
34317091,9:31:57:91,48.52,53
34317091,9:31:57:91,48.54,50
34317091,9:31:57:91,48.52,100
34317091,9:31:57:91,48.52,100
34317091,9:31:57:91,48.51,44
34317092,9:31:57:92,48.51,100
34317092,9:31:57:92,48.54,2
34317092,9:31:57:92,48.54,100
34317094,9:31:57:94,48.54,100
34367280,9:32:47:280,48.55,5
34402292,9:33:22:292,48.43,333
34429813,9:33:49:813,48.38,100
34443175,9:34:3:175,48.44,100
34443175,9:34:3:175,48.44,100
34443175,9:34:3:175,48.44,100
34443175,9:34:3:175,48.44,100
34455985,9:34:15:985,48.43,100
34456333,9:34:16:333,48.43,130
34456343,9:34:16:343,48.51,900
34456344,9:34:16:344,48.51,100
34456346,9:34:16:346,48.51,20
34456351,9:34:16:351,48.5,1
34456352,9:34:16:352,48.51,1
34505090,9:35:5:90,48.44,2
34505090,9:35:5:90,48.43,179
34505090,9:35:5:90,48.43,121
34505090,9:35:5:90,48.44,2
34505090,9:35:5:90,48.43,54
34505090,9:35:5:90,48.43,46
34505092,9:35:5:92,48.45,2
34505092,9:35:5:92,48.46,98
34505097,9:35:5:97,48.43,200
34505129,9:35:5:129,48.43,100
34505647,9:35:5:647,48.47,91
34516593,9:35:16:593,48.47,100
34516593,9:35:16:593,48.47,100
34537617,9:35:37:617,48.46,3
34558827,9:35:58:827,48.48,100
34558827,9:35:58:827,48.48,147
34558827,9:35:58:827,48.48,53
34558827,9:35:58:827,48.48,100
34558829,9:35:58:829,48.49,100
34558829,9:35:58:829,48.49,100
34558829,9:35:58:829,48.46,100
34558837,9:35:58:837,48.52,200
34563371,9:36:3:371,48.52,300
34563371,9:36:3:371,48.52,9
34573244,9:36:13:244,48.5,100
34573245,9:36:13:245,48.5,50
34581540,9:36:21:540,48.51,100
34581541,9:36:21:541,48.51,1
34581541,9:36:21:541,48.51,100
34581541,9:36:21:541,48.5,100
34581542,9:36:21:542,48.5,100
34581542,9:36:21:542,48.5,99
34584897,9:36:24:897,48.48,52
34584930,9:36:24:930,48.5,1
34586546,9:36:26:546,48.5,100
34635065,9:37:15:65,48.46,100
34635065,9:37:15:65,48.44,100
34635065,9:37:15:65,48.44,100
34635065,9:37:15:65,48.46,100
34635065,9:37:15:65,48.46,100
34635065,9:37:15:65,48.46,100
34635065,9:37:15:65,48.44,100
34635065,9:37:15:65,48.44,100
34635065,9:37:15:65,48.44,100
34635065,9:37:15:65,48.46,100
34635065,9:37:15:65,48.44,500
34635065,9:37:15:65,48.45,91
34635065,9:37:15:65,48.44,100
34635066,9:37:15:66,48.44,100
34635066,9:37:15:66,48.44,91
34635067,9:37:15:67,48.44,100
34635067,9:37:15:67,48.44,100
34635067,9:37:15:67,48.44,100
34635068,9:37:15:68,48.44,100
34635068,9:37:15:68,48.44,100
34635076,9:37:15:76,48.43,110
34635076,9:37:15:76,48.44,101
34635192,9:37:15:192,48.44,100
34635193,9:37:15:193,48.43,190
34635193,9:37:15:193,48.43,100
34635193,9:37:15:193,48.43,100
34636085,9:37:16:85,48.44,100
34636085,9:37:16:85,48.44,100
34636086,9:37:16:86,48.45,100
34636086,9:37:16:86,48.45,100
34636086,9:37:16:86,48.45,100
34637085,9:37:17:85,48.46,200
34637086,9:37:17:86,48.46,100
34651165,9:37:31:165,48.43,300
34651776,9:37:31:776,48.46,100
34677190,9:37:57:190,48.4372,600
34677191,9:37:57:191,48.47,200
34677191,9:37:57:191,48.47,100
34677191,9:37:57:191,48.47,1
34704053,9:38:24:53,48.38,100
34704054,9:38:24:54,48.38,300
34704054,9:38:24:54,48.38,100
34704055,9:38:24:55,48.38,100
34704056,9:38:24:56,48.38,500
34704056,9:38:24:56,48.38,300
34704056,9:38:24:56,48.38,100
34704064,9:38:24:64,48.38,100
34704064,9:38:24:64,48.38,200
34704085,9:38:24:85,48.38,400
34704105,9:38:24:105,48.38,100
34704123,9:38:24:123,48.38,400
34704160,9:38:24:160,48.38,300
34704224,9:38:24:224,48.38,100
34705026,9:38:25:26,48.38,200
34705029,9:38:25:29,48.38,300
34706459,9:38:26:459,48.38,200
34706462,9:38:26:462,48.38,200
34706467,9:38:26:467,48.38,100
34707025,9:38:27:25,48.38,100
34707030,9:38:27:30,48.38,200
34707061,9:38:27:61,48.38,100
34707064,9:38:27:64,48.38,200
34707096,9:38:27:96,48.38,100
34707102,9:38:27:102,48.38,100
34708025,9:38:28:25,48.38,100
34708030,9:38:28:30,48.38,100
34708064,9:38:28:64,48.38,100
34708099,9:38:28:99,48.38,100
34708134,9:38:28:134,48.38,100
34708169,9:38:28:169,48.38,100
34708205,9:38:28:205,48.38,100
34710074,9:38:30:74,48.38,100
34711018,9:38:31:18,48.38,200
34711019,9:38:31:19,48.38,100
34711043,9:38:31:43,48.38,100
34718575,9:38:38:575,48.35,100
34720337,9:38:40:337,48.37,100
34720337,9:38:40:337,48.39,200
34720337,9:38:40:337,48.39,100
34720337,9:38:40:337,48.37,100
34723639,9:38:43:639,48.349,100
34723640,9:38:43:640,48.34,100
34723650,9:38:43:650,48.349,100
34723792,9:38:43:792,48.335,100
34728927,9:38:48:927,48.33,200
34740444,9:39:0:444,48.34,100
34740446,9:39:0:446,48.34,100
34742224,9:39:2:224,48.31,100
34748291,9:39:8:291,48.28,100
34748296,9:39:8:296,48.28,100
34748299,9:39:8:299,48.28,100
34748301,9:39:8:301,48.28,200
34748307,9:39:8:307,48.28,100
34748307,9:39:8:307,48.28,200
34748321,9:39:8:321,48.28,100
34748349,9:39:8:349,48.27,9
34748396,9:39:8:396,48.28,100
34752081,9:39:12:81,48.26,100
34752081,9:39:12:81,48.26,100
34752081,9:39:12:81,48.26,100
34753490,9:39:13:490,48.19,13
34757120,9:39:17:120,48.25,99
34763619,9:39:23:619,48.19,36
34765496,9:39:25:496,48.24,1
34765496,9:39:25:496,48.25,99
34766673,9:39:26:673,48.32,15000
34766674,9:39:26:674,48.24,99
34766674,9:39:26:674,48.24,101
34766674,9:39:26:674,48.25,99
34766675,9:39:26:675,48.25,1
34766675,9:39:26:675,48.25,1
34766677,9:39:26:677,48.26,200
34766677,9:39:26:677,48.26,100
34766679,9:39:26:679,48.27,51
34766679,9:39:26:679,48.27,249
34768401,9:39:28:401,48.23,100
34787035,9:39:47:35,48.32,100
34787035,9:39:47:35,48.34,100
34787036,9:39:47:36,48.33,100
34787036,9:39:47:36,48.34,100
34800019,9:40:0:19,48.34,100
34800019,9:40:0:19,48.34,1
34800019,9:40:0:19,48.34,200
34800019,9:40:0:19,48.34,100
34800020,9:40:0:20,48.34,100
34800020,9:40:0:20,48.34,100
34800022,9:40:0:22,48.34,100
34800022,9:40:0:22,48.34,100
34800022,9:40:0:22,48.34,100
34800022,9:40:0:22,48.34,100
34800022,9:40:0:22,48.34,100
34800071,9:40:0:71,48.35,100
34800102,9:40:0:102,48.35,100
34800104,9:40:0:104,48.35,100
34812081,9:40:12:81,48.36,200
34812082,9:40:12:82,48.35,200
34812088,9:40:12:88,48.36,100
34812094,9:40:12:94,48.35,100
34837569,9:40:37:569,48.31,200
34837574,9:40:37:574,48.31,100
34871872,9:41:11:872,48.29,100
34871876,9:41:11:876,48.29,100
34871876,9:41:11:876,48.29,300
34871880,9:41:11:880,48.29,200
34871881,9:41:11:881,48.29,100
34871885,9:41:11:885,48.29,100
34871889,9:41:11:889,48.29,100
34871910,9:41:11:910,48.29,100
34871913,9:41:11:913,48.29,100
34871947,9:41:11:947,48.29,100
34871986,9:41:11:986,48.29,100
34872019,9:41:12:19,48.29,100
34872019,9:41:12:19,48.29,100
34872054,9:41:12:54,48.29,100
34872054,9:41:12:54,48.29,100
34872054,9:41:12:54,48.29,100
34872054,9:41:12:54,48.29,60
34872054,9:41:12:54,48.29,100
34878463,9:41:18:463,48.28,60
34878463,9:41:18:463,48.28,100
34878464,9:41:18:464,48.28,60
34878464,9:41:18:464,48.28,140
34878464,9:41:18:464,48.28,40
34878464,9:41:18:464,48.28,100
34878464,9:41:18:464,48.28,100
34892865,9:41:32:865,48.28,100
34895587,9:41:35:587,48.28,100
34895588,9:41:35:588,48.28,100
34895589,9:41:35:589,48.28,300
34895590,9:41:35:590,48.28,200
34895598,9:41:35:598,48.28,200
34895704,9:41:35:704,48.28,100
34895706,9:41:35:706,48.28,100
34895710,9:41:35:710,48.28,100
34895711,9:41:35:711,48.28,100
34895713,9:41:35:713,48.28,100
34895816,9:41:35:816,48.28,100
34895840,9:41:35:840,48.28,100
34895858,9:41:35:858,48.28,100
34896180,9:41:36:180,48.28,100
34896184,9:41:36:184,48.28,100
34896185,9:41:36:185,48.28,200
34896188,9:41:36:188,48.28,100
34896189,9:41:36:189,48.28,100
34896287,9:41:36:287,48.28,100
34896371,9:41:36:371,48.28,100
34903329,9:41:43:329,48.32,13
34904804,9:41:44:804,48.3294,150
34909399,9:41:49:399,48.27,6
34909399,9:41:49:399,48.27,94
34909400,9:41:49:400,48.27,200
34909402,9:41:49:402,48.27,100
34917955,9:41:57:955,48.29,24
34918181,9:41:58:181,48.3,6
34943669,9:42:23:669,48.3,100
34943699,9:42:23:699,48.3,100
34943773,9:42:23:773,48.3,100
34943778,9:42:23:778,48.3,400
34943779,9:42:23:779,48.3,600
34943887,9:42:23:887,48.3,200
34946399,9:42:26:399,48.33,5
34955044,9:42:35:44,48.28,99
34958008,9:42:38:8,48.27,100
34958682,9:42:38:682,48.27,100
34958682,9:42:38:682,48.27,176
34962612,9:42:42:612,48.29,100
34962612,9:42:42:612,48.27,400
34962612,9:42:42:612,48.27,400
34962612,9:42:42:612,48.27,500
34962613,9:42:42:613,48.27,500
34963554,9:42:43:554,48.26,100
34964786,9:42:44:786,48.23,50
34964786,9:42:44:786,48.22,50
34964786,9:42:44:786,48.23,100
34964787,9:42:44:787,48.23,200
34964792,9:42:44:792,48.21,100
34964792,9:42:44:792,48.21,100
34964792,9:42:44:792,48.21,81
34964799,9:42:44:799,48.21,12
34964883,9:42:44:883,48.23,100
34965624,9:42:45:624,48.17,100
34966774,9:42:46:774,48.16,100
34967200,9:42:47:200,48.1885,800
34968908,9:42:48:908,48.17,100
34970550,9:42:50:550,48.15,100
34974652,9:42:54:652,48.14,100
34993942,9:43:13:942,48.19,6
34993943,9:43:13:943,48.19,150
34993943,9:43:13:943,48.19,44
34993944,9:43:13:944,48.2,100
34996404,9:43:16:404,48.21,100
34996405,9:43:16:405,48.21,1
34996405,9:43:16:405,48.21,95
34996405,9:43:16:405,48.21,400
34996982,9:43:16:982,48.24,100
34996982,9:43:16:982,48.24,100
35004628,9:43:24:628,48.225,100
35015995,9:43:35:995,48.24,200
35015995,9:43:35:995,48.24,300
35015996,9:43:35:996,48.24,100
35023551,9:43:43:551,48.24,4
35046092,9:44:6:92,48.22,1
35046093,9:44:6:93,48.21,100
35046094,9:44:6:94,48.21,96
35046094,9:44:6:94,48.21,104
35046097,9:44:6:97,48.225,100
35046103,9:44:6:103,48.21,400
35048090,9:44:8:90,48.21,95
35057941,9:44:17:941,48.21,100
35061061,9:44:21:61,48.21,49
35068370,9:44:28:370,48.23,100
35068370,9:44:28:370,48.23,100
35068370,9:44:28:370,48.23,100
35068370,9:44:28:370,48.23,100
35068370,9:44:28:370,48.23,100
35068371,9:44:28:371,48.24,12
35068372,9:44:28:372,48.23,100
35099880,9:44:59:880,48.22,300
35099880,9:44:59:880,48.22,100
35099880,9:44:59:880,48.22,51
35099880,9:44:59:880,48.22,5
35099881,9:44:59:881,48.23,100
35099881,9:44:59:881,48.23,100
35099881,9:44:59:881,48.23,100
35099883,9:44:59:883,48.23,100
35104081,9:45:4:81,48.22,22
35107718,9:45:7:718,48.21,300
35107719,9:45:7:719,48.22,100
35107719,9:45:7:719,48.22,100
35107720,9:45:7:720,48.22,100
35107720,9:45:7:720,48.22,100
35107720,9:45:7:720,48.22,100
35107720,9:45:7:720,48.22,100
35107720,9:45:7:720,48.22,100
35107720,9:45:7:720,48.22,100
35107722,9:45:7:722,48.23,6
35107730,9:45:7:730,48.21,100
35111180,9:45:11:180,48.2,100
35112958,9:45:12:958,48.2299,22
35115940,9:45:15:940,48.2,100
35115941,9:45:15:941,48.2,100
35117727,9:45:17:727,48.215,100
35117729,9:45:17:729,48.215,100
35125021,9:45:25:21,48.23,200
35125021,9:45:25:21,48.23,100
35125022,9:45:25:22,48.23,56
35125022,9:45:25:22,48.215,100
35125023,9:45:25:23,48.23,100
35125023,9:45:25:23,48.23,100
35125023,9:45:25:23,48.23,100
35125023,9:45:25:23,48.23,100
35125023,9:45:25:23,48.23,56
35125023,9:45:25:23,48.23,44
35125023,9:45:25:23,48.23,44
35130034,9:45:30:34,48.21,311
35130041,9:45:30:41,48.21,155
35131921,9:45:31:921,48.21,1
35137226,9:45:37:226,48.2,139
35137226,9:45:37:226,48.2,101
35137226,9:45:37:226,48.2,79
35140514,9:45:40:514,48.17,166
35145290,9:45:45:290,48.175,300
35152467,9:45:52:467,48.16,100
35152493,9:45:52:493,48.155,400
35152506,9:45:52:506,48.16,100
35153405,9:45:53:405,48.14,100
35167132,9:46:7:132,48.14,100
35169679,9:46:9:679,48.14,520
35170194,9:46:10:194,48.15,100
35170945,9:46:10:945,48.14,100
35173253,9:46:13:253,48.13,100
35174149,9:46:14:149,48.15,100
35174149,9:46:14:149,48.15,100
35174149,9:46:14:149,48.15,99
35174150,9:46:14:150,48.15,201
35174150,9:46:14:150,48.15,100
35174150,9:46:14:150,48.15,1
35174153,9:46:14:153,48.15,100
35182751,9:46:22:751,48.145,400
35198064,9:46:38:64,48.13,94
35198511,9:46:38:511,48.14,100
35199253,9:46:39:253,48.13,100
35204762,9:46:44:762,48.16,425
35204819,9:46:44:819,48.16,100
35204819,9:46:44:819,48.16,200
35204819,9:46:44:819,48.16,100
35204819,9:46:44:819,48.16,100
35204819,9:46:44:819,48.16,200
35204819,9:46:44:819,48.16,300
35204819,9:46:44:819,48.16,100
35204819,9:46:44:819,48.16,100
35204819,9:46:44:819,48.16,100
35204819,9:46:44:819,48.16,100
35204822,9:46:44:822,48.17,3
35204822,9:46:44:822,48.16,100
35204822,9:46:44:822,48.17,100
35205008,9:46:45:8,48.18,100
35205011,9:46:45:11,48.2,100
35205526,9:46:45:526,48.18,300
35205532,9:46:45:532,48.18,105
35205533,9:46:45:533,48.18,45
35214135,9:46:54:135,48.13,100
35222606,9:47:2:606,48.16,100
35222607,9:47:2:607,48.16,100
35223350,9:47:3:350,48.18,9
35243774,9:47:23:774,48.17,100
35256584,9:47:36:584,48.14,100
35264047,9:47:44:47,48.14,100
35264072,9:47:44:72,48.14,100
35270926,9:47:50:926,48.14,100
35270926,9:47:50:926,48.14,100
35270926,9:47:50:926,48.14,100
35270926,9:47:50:926,48.14,100
35282254,9:48:2:254,48.13,100
35282254,9:48:2:254,48.13,100
35282255,9:48:2:255,48.13,620
35282255,9:48:2:255,48.13,100
35282255,9:48:2:255,48.13,100
35282255,9:48:2:255,48.13,206
35282255,9:48:2:255,48.13,100
35282255,9:48:2:255,48.13,1
35282256,9:48:2:256,48.12,228
35282256,9:48:2:256,48.12,492
35282256,9:48:2:256,48.12,100
35284623,9:48:4:623,48.11,100
35284623,9:48:4:623,48.11,100
35286235,9:48:6:235,48.11,100
35286271,9:48:6:271,48.12,100
35288719,9:48:8:719,48.11,100
35290475,9:48:10:475,48.11,320
35290943,9:48:10:943,48.08,100
35290943,9:48:10:943,48.08,100
35291502,9:48:11:502,48.05,101
35296742,9:48:16:742,48.075,100
35296743,9:48:16:743,48.09,100
35296743,9:48:16:743,48.09,200
35310362,9:48:30:362,48.08,100
35350430,9:49:10:430,48.1,100
35350892,9:49:10:892,48.1,300
35350892,9:49:10:892,48.1,56
35350892,9:49:10:892,48.1,300
35350892,9:49:10:892,48.1,100
35350892,9:49:10:892,48.1,44
35350893,9:49:10:893,48.1,100
35350893,9:49:10:893,48.1,400
35350893,9:49:10:893,48.1,100
35350894,9:49:10:894,48.1,126
35352366,9:49:12:366,48.11,200
35352367,9:49:12:367,48.1,1
35352367,9:49:12:367,48.11,100
35352367,9:49:12:367,48.11,100
35352367,9:49:12:367,48.11,200
35352367,9:49:12:367,48.11,100
35352367,9:49:12:367,48.14,100
35352367,9:49:12:367,48.14,100
35352367,9:49:12:367,48.12,100
35352367,9:49:12:367,48.12,100
35352368,9:49:12:368,48.13,99
35352667,9:49:12:667,48.15,84200
35352668,9:49:12:668,48.14,100
35352668,9:49:12:668,48.14,100
35352669,9:49:12:669,48.14,99
35352669,9:49:12:669,48.14,1
35352672,9:49:12:672,48.13,20
35354535,9:49:14:535,48.14,10
35354752,9:49:14:752,48.14,190
35354753,9:49:14:753,48.15,100
35355449,9:49:15:449,48.15,55
35356869,9:49:16:869,48.15,100
35357136,9:49:17:136,48.15,100
35358273,9:49:18:273,48.12,7
35361083,9:49:21:83,48.16,300
35361083,9:49:21:83,48.16,100
35361083,9:49:21:83,48.15,100
35378405,9:49:38:405,48.1,100
35394988,9:49:54:988,48.15,32
35399034,9:49:59:34,48.1,100
35407154,9:50:7:154,48.13,100
35427591,9:50:27:591,48.15,100
35427591,9:50:27:591,48.15,100
35427591,9:50:27:591,48.16,100
35427591,9:50:27:591,48.16,100
35427591,9:50:27:591,48.16,100
35427591,9:50:27:591,48.15,100
35427591,9:50:27:591,48.16,400
35427591,9:50:27:591,48.15,100
35427591,9:50:27:591,48.16,100
35427591,9:50:27:591,48.15,100
35427591,9:50:27:591,48.15,100
35427591,9:50:27:591,48.16,100
35427591,9:50:27:591,48.16,100
35427591,9:50:27:591,48.15,2
35427591,9:50:27:591,48.16,100
35427591,9:50:27:591,48.15,98
35427592,9:50:27:592,48.17,200
35427593,9:50:27:593,48.16,100
35427614,9:50:27:614,48.2,30
35430595,9:50:30:595,48.18,100
35430598,9:50:30:598,48.17,100
35430598,9:50:30:598,48.17,100
35430598,9:50:30:598,48.17,22
35433923,9:50:33:923,48.14,39
35447982,9:50:47:982,48.17,100
35447982,9:50:47:982,48.17,100
35448031,9:50:48:31,48.15,7
35456388,9:50:56:388,48.17,100
35456398,9:50:56:398,48.16,64
35459781,9:50:59:781,48.2,100
35467771,9:51:7:771,48.18,39
35524537,9:52:4:537,48.15,100
35524537,9:52:4:537,48.15,10
35524537,9:52:4:537,48.14,20
35524538,9:52:4:538,48.14,100
35524538,9:52:4:538,48.14,400
35524542,9:52:4:542,48.15,100
35524558,9:52:4:558,48.14,36
35524599,9:52:4:599,48.15,100
35536071,9:52:16:71,48.1,100
35536076,9:52:16:76,48.09,300
35536078,9:52:16:78,48.1,129
35536195,9:52:16:195,48.1,100
35542557,9:52:22:557,48.08,100
35542557,9:52:22:557,48.08,100
35542557,9:52:22:557,48.08,200
35542558,9:52:22:558,48.09,100
35542558,9:52:22:558,48.09,100
35542558,9:52:22:558,48.09,100
35542558,9:52:22:558,48.09,200
35542572,9:52:22:572,48.11,200
35542579,9:52:22:579,48.09,100
35546881,9:52:26:881,48.1,200
35554222,9:52:34:222,48.11,100
35554222,9:52:34:222,48.11,100
35554223,9:52:34:223,48.11,100
35554223,9:52:34:223,48.11,100
35554223,9:52:34:223,48.11,100
35554227,9:52:34:227,48.12,100
35566579,9:52:46:579,48.105,100
35567702,9:52:47:702,48.105,100
35568601,9:52:48:601,48.105,300
35578970,9:52:58:970,48.105,300
35578973,9:52:58:973,48.13,100
35580166,9:53:0:166,48.105,200
35580169,9:53:0:169,48.13,100
35581057,9:53:1:57,48.13,100
35581057,9:53:1:57,48.13,400
35581058,9:53:1:58,48.13,100
35581058,9:53:1:58,48.12,100
35581061,9:53:1:61,48.11,100
35581064,9:53:1:64,48.15,32
35582585,9:53:2:585,48.12,300
35582586,9:53:2:586,48.15,100
35582586,9:53:2:586,48.15,100
35587270,9:53:7:270,48.13,100
35587270,9:53:7:270,48.13,100
35589102,9:53:9:102,48.13,300
35594041,9:53:14:41,48.11,100
35598533,9:53:18:533,48.095,300
35603657,9:53:23:657,48.115,300
35607547,9:53:27:547,48.085,100
35607548,9:53:27:548,48.1,100
35607548,9:53:27:548,48.11,100
35607548,9:53:27:548,48.11,100
35607549,9:53:27:549,48.1,100
35607553,9:53:27:553,48.09,200
35607553,9:53:27:553,48.09,100
35607718,9:53:27:718,48.11,100
35612341,9:53:32:341,48.08,1000
35612418,9:53:32:418,48.11,200
35612425,9:53:32:425,48.11,300
35612426,9:53:32:426,48.11,200
35612428,9:53:32:428,48.11,100
35616019,9:53:36:19,48.1,5
35616250,9:53:36:250,48.12,100
35616250,9:53:36:250,48.12,100
35616276,9:53:36:276,48.11,100
35616276,9:53:36:276,48.11,100
35616301,9:53:36:301,48.12,100
35616303,9:53:36:303,48.12,100
35619901,9:53:39:901,48.12,200
35619901,9:53:39:901,48.12,5
35619901,9:53:39:901,48.12,195
35619902,9:53:39:902,48.12,100
35619902,9:53:39:902,48.12,100
35619902,9:53:39:902,48.12,100
35619903,9:53:39:903,48.12,100
35619903,9:53:39:903,48.12,100
35619903,9:53:39:903,48.12,100
35619904,9:53:39:904,48.12,100
35620018,9:53:40:18,48.13,100
35621367,9:53:41:367,48.13,5
35621368,9:53:41:368,48.13,195
35621368,9:53:41:368,48.13,5
35623860,9:53:43:860,48.14,100
35623860,9:53:43:860,48.14,5
35628172,9:53:48:172,48.135,400
35628387,9:53:48:387,48.135,300
35628430,9:53:48:430,48.135,300
35628455,9:53:48:455,48.135,300
35628880,9:53:48:880,48.15,100
35630659,9:53:50:659,48.13,300
35630662,9:53:50:662,48.13,300
35630826,9:53:50:826,48.12,195
35631066,9:53:51:66,48.12,100
35631068,9:53:51:68,48.12,100
35631070,9:53:51:70,48.12,100
35631667,9:53:51:667,48.13,300
35631670,9:53:51:670,48.13,400
35643164,9:54:3:164,48.1011,200
35643166,9:54:3:166,48.11,500
35643166,9:54:3:166,48.1,100
35643664,9:54:3:664,48.1,100
35645165,9:54:5:165,48.1011,100
35652728,9:54:12:728,48.12,80
35661601,9:54:21:601,48.1465,200
35664610,9:54:24:610,48.11,2
35669273,9:54:29:273,48.1,2
35673016,9:54:33:16,48.1,22
35673017,9:54:33:17,48.1,76
35680505,9:54:40:505,48.11,100
35687754,9:54:47:754,48.09,26
35687825,9:54:47:825,48.11,200
35687826,9:54:47:826,48.11,100
35695173,9:54:55:173,48.07,100
35752236,9:55:52:236,48.07,100
35759019,9:55:59:19,48.08,100
35759019,9:55:59:19,48.08,100
35761523,9:56:1:523,48.08,10
35783796,9:56:23:796,48.0701,7
35800021,9:56:40:21,48.08,100
35800709,9:56:40:709,48.09,100
35800709,9:56:40:709,48.09,300
35800709,9:56:40:709,48.09,100
35800709,9:56:40:709,48.09,100
35842243,9:57:22:243,48.1,100
35842244,9:57:22:244,48.1,100
35842244,9:57:22:244,48.1,200
35842245,9:57:22:245,48.11,200
35842246,9:57:22:246,48.1,100
35842246,9:57:22:246,48.11,5
35846877,9:57:26:877,48.11,70
35846877,9:57:26:877,48.12,30
35846877,9:57:26:877,48.12,100
35850555,9:57:30:555,48.12,100
35850816,9:57:30:816,48.12,70
35852699,9:57:32:699,48.12,100
35852702,9:57:32:702,48.12,100
35852734,9:57:32:734,48.12,100
35852807,9:57:32:807,48.12,100
35853073,9:57:33:73,48.12,100
35853075,9:57:33:75,48.12,100
35855648,9:57:35:648,48.12,20
35855651,9:57:35:651,48.1101,20
35855701,9:57:35:701,48.11,6
35855705,9:57:35:705,48.11,6
35880547,9:58:0:547,48.1,100
35897423,9:58:17:423,48.1,70
35902601,9:58:22:601,48.12,100
35902601,9:58:22:601,48.12,100
35902609,9:58:22:609,48.12,20
35902609,9:58:22:609,48.12,280
35902609,9:58:22:609,48.12,20
35907777,9:58:27:777,48.09,100
35907777,9:58:27:777,48.09,100
35907777,9:58:27:777,48.09,1
35907777,9:58:27:777,48.09,100
35907777,9:58:27:777,48.09,100
35907778,9:58:27:778,48.09,100
35907778,9:58:27:778,48.09,50
35907778,9:58:27:778,48.09,50
35907778,9:58:27:778,48.09,100
35907778,9:58:27:778,48.09,50
35907778,9:58:27:778,48.09,100
35907778,9:58:27:778,48.09,100
35907872,9:58:27:872,48.09,50
35907874,9:58:27:874,48.09,50
35907896,9:58:27:896,48.09,100
35907897,9:58:27:897,48.1,100
35907898,9:58:27:898,48.1,100
35914900,9:58:34:900,48.1,100
35914900,9:58:34:900,48.1,200
35914900,9:58:34:900,48.1,100
35914900,9:58:34:900,48.1,100
35914901,9:58:34:901,48.1,100
35924899,9:58:44:899,48.1,100
35924900,9:58:44:900,48.1,100
35924900,9:58:44:900,48.1,38
35924900,9:58:44:900,48.1,100
35953606,9:59:13:606,48.1199,20
35953724,9:59:13:724,48.11,2
35955963,9:59:15:963,48.11,98
35982820,9:59:42:820,48.1,100
35983302,9:59:43:302,48.1,101
35989572,9:59:49:572,48.12,100
36007829,10:0:7:829,48.12,100
36016973,10:0:16:973,48.12,3
36022794,10:0:22:794,48.11,100
36023956,10:0:23:956,48.11,100
36023957,10:0:23:957,48.11,100
36025492,10:0:25:492,48.1086,152
36026204,10:0:26:204,48.1,100
36026204,10:0:26:204,48.1,100
36026204,10:0:26:204,48.1,100
36026204,10:0:26:204,48.1,100
36026204,10:0:26:204,48.1,200
36026206,10:0:26:206,48.1,100
36026234,10:0:26:234,48.095,100
36026272,10:0:26:272,48.09,100
36026273,10:0:26:273,48.09,2
36026273,10:0:26:273,48.09,50
36027749,10:0:27:749,48.07,103
36030248,10:0:30:248,48.08,200
36030248,10:0:30:248,48.07,1
36044974,10:0:44:974,48.06,100
36047769,10:0:47:769,48.06,100
36047770,10:0:47:770,48.06,100
36047779,10:0:47:779,48.03,50
36048023,10:0:48:23,48.05,100
36049788,10:0:49:788,48.05,100
36049788,10:0:49:788,48.05,100
36049789,10:0:49:789,48.05,100
36049789,10:0:49:789,48.05,100
36049790,10:0:49:790,48.05,100
36049803,10:0:49:803,48.05,100
36063922,10:1:3:922,48.04,85
36076009,10:1:16:9,48.0475,600
36080958,10:1:20:958,48.04,1
36094743,10:1:34:743,48.04,1
36100170,10:1:40:170,48.05,12
36109880,10:1:49:880,48.021,76
36112170,10:1:52:170,48.02,189
36121744,10:2:1:744,48.04,1
36142990,10:2:22:990,48,100
36142992,10:2:22:992,48.03,100
36142997,10:2:22:997,48,9
36143000,10:2:23:0,48,100
36143003,10:2:23:3,48,100
36143005,10:2:23:5,48,500
36143007,10:2:23:7,48,100
36144374,10:2:24:374,47.99,200
36149664,10:2:29:664,48.005,100
36158946,10:2:38:946,47.99,100
36178130,10:2:58:130,48.01,2
36178796,10:2:58:796,48.01,200
36178796,10:2:58:796,48.01,100
36178796,10:2:58:796,48.01,98
36178990,10:2:58:990,48,99
36178990,10:2:58:990,48,42
36184035,10:3:4:35,48.01,100
36187227,10:3:7:227,48.02,1
36188609,10:3:8:609,48.02,100
36188609,10:3:8:609,48.02,200
36188610,10:3:8:610,48.02,100
36188610,10:3:8:610,48.02,199
36188610,10:3:8:610,48.02,100
36188610,10:3:8:610,48.02,7
36189358,10:3:9:358,48.03,100
36190177,10:3:10:177,48.02,50
36191055,10:3:11:55,48.02,50
36191566,10:3:11:566,48.02,39
36192078,10:3:12:78,48.02,11
36192614,10:3:12:614,48.03,100
36192614,10:3:12:614,48.03,100
36192614,10:3:12:614,48.03,100
36204926,10:3:24:926,48.0399,41
36237088,10:3:57:88,48.03,100
36237088,10:3:57:88,48.03,100
36237088,10:3:57:88,48.03,100
36237088,10:3:57:88,48.03,100
36237088,10:3:57:88,48.03,100
36237088,10:3:57:88,48.03,100
36239631,10:3:59:631,48.02,100
36250089,10:4:10:89,48.025,10
36259082,10:4:19:82,48.04,200
36259084,10:4:19:84,48.04,100
36259084,10:4:19:84,48.04,1
36259089,10:4:19:89,48.04,100
36259092,10:4:19:92,48.04,100
36259160,10:4:19:160,48.05,100
36259160,10:4:19:160,48.05,71
36259160,10:4:19:160,48.05,29
36259161,10:4:19:161,48.05,71
36260138,10:4:20:138,48.05,100
36261646,10:4:21:646,48.0678,100
36266799,10:4:26:799,48.05,100
36266800,10:4:26:800,48.05,100
36266800,10:4:26:800,48.05,100
36266804,10:4:26:804,48.05,100
36266813,10:4:26:813,48.05,122
36266814,10:4:26:814,48.04,100
36268271,10:4:28:271,48.04,100
36268271,10:4:28:271,48.04,100
36268272,10:4:28:272,48.03,100
36268274,10:4:28:274,48.045,100
36268275,10:4:28:275,48.04,100
36268283,10:4:28:283,48.035,100
36283275,10:4:43:275,48.03,100
36303132,10:5:3:132,48.03,178
36303138,10:5:3:138,48.03,900
36314248,10:5:14:248,48.0399,2
36320448,10:5:20:448,48.02,100
36320450,10:5:20:450,48.02,100
36320451,10:5:20:451,48.02,104
36320451,10:5:20:451,48.02,100
36320451,10:5:20:451,48.02,56
36320452,10:5:20:452,48.02,44
36320935,10:5:20:935,48.02,100
36328117,10:5:28:117,48.01,100
36328117,10:5:28:117,48.01,1
36328117,10:5:28:117,48.01,99
36328117,10:5:28:117,48.01,100
36328117,10:5:28:117,48.01,100
36328117,10:5:28:117,48.01,100
36328819,10:5:28:819,48.01,100
36328819,10:5:28:819,48.01,100
36360174,10:6:0:174,48,10
36371876,10:6:11:876,48.005,1
36380335,10:6:20:335,48.01,82
36384057,10:6:24:57,48,100
36384058,10:6:24:58,48,100
36384058,10:6:24:58,48,100
36384058,10:6:24:58,48,100
36384058,10:6:24:58,48,100
36384058,10:6:24:58,48,100
36384058,10:6:24:58,48,100
36384058,10:6:24:58,48,100
36395004,10:6:35:4,47.9986,300
36396298,10:6:36:298,47.99,50
36396298,10:6:36:298,47.99,100
36396298,10:6:36:298,47.99,50
36396299,10:6:36:299,47.99,50
36396299,10:6:36:299,47.99,11
36396299,10:6:36:299,47.99,39
36396299,10:6:36:299,47.99,100
36396299,10:6:36:299,47.99,1
36397340,10:6:37:340,47.96,30
36423942,10:7:3:942,47.9668,11
36428045,10:7:8:45,47.96,100
36430538,10:7:10:538,47.96,100
36432033,10:7:12:33,47.95,1
36432033,10:7:12:33,47.96,100
36432033,10:7:12:33,47.96,100
36432033,10:7:12:33,47.96,100
36432033,10:7:12:33,47.96,200
36432033,10:7:12:33,47.96,100
36432042,10:7:12:42,47.97,100
36432042,10:7:12:42,47.97,100
36432043,10:7:12:43,47.97,100
36432051,10:7:12:51,47.97,100
36432070,10:7:12:70,47.98,100
36437189,10:7:17:189,47.98,50
36437190,10:7:17:190,47.98,200
36462067,10:7:42:67,47.955,228
36519891,10:8:39:891,47.95,100
36519895,10:8:39:895,47.95,38
36519911,10:8:39:911,47.95,200
36521786,10:8:41:786,47.95,62
36521794,10:8:41:794,47.965,100
36530452,10:8:50:452,47.95,53
36537532,10:8:57:532,47.95,300
36542433,10:9:2:433,47.962,150
36553918,10:9:13:918,47.95,23
36555872,10:9:15:872,47.96,96
36556862,10:9:16:862,47.95,100
36556862,10:9:16:862,47.95,33
36556862,10:9:16:862,47.95,77
36556865,10:9:16:865,47.94,100
36556867,10:9:16:867,47.95,90
36557187,10:9:17:187,47.9388,115
36576578,10:9:36:578,47.93,100
36577026,10:9:37:26,47.94,62
36585849,10:9:45:849,47.93,2
36593905,10:9:53:905,47.93,8
36594197,10:9:54:197,47.93,100
36598500,10:9:58:500,47.91,5
36598502,10:9:58:502,47.91,5
36599767,10:9:59:767,47.9,100
36604864,10:10:4:864,47.9,100
36605304,10:10:5:304,47.91,1
36605304,10:10:5:304,47.91,99
36605304,10:10:5:304,47.91,1
36605304,10:10:5:304,47.91,100
36607004,10:10:7:4,47.91,100
36607004,10:10:7:4,47.91,100
36607121,10:10:7:121,47.91,1
36608519,10:10:8:519,47.92,5
36616803,10:10:16:803,47.92,100
36622087,10:10:22:87,47.92,100
36622087,10:10:22:87,47.92,100
36622087,10:10:22:87,47.92,100
36622087,10:10:22:87,47.92,200
36622087,10:10:22:87,47.92,100
36622087,10:10:22:87,47.92,100
36622087,10:10:22:87,47.92,100
36622087,10:10:22:87,47.92,100
36622087,10:10:22:87,47.92,1
36622090,10:10:22:90,47.93,206
36622117,10:10:22:117,47.94,100
36622117,10:10:22:117,47.94,100
36622117,10:10:22:117,47.94,7
36622136,10:10:22:136,47.94,100
36622881,10:10:22:881,47.9399,110
36623062,10:10:23:62,47.94,500
36623062,10:10:23:62,47.94,402
36627121,10:10:27:121,47.93,100
36627122,10:10:27:122,47.93,100
36627122,10:10:27:122,47.93,200
36628546,10:10:28:546,47.92,100
36628662,10:10:28:662,47.92,100
36628840,10:10:28:840,47.92,100
36637189,10:10:37:189,47.924,150
36642699,10:10:42:699,47.93,50
36643322,10:10:43:322,47.92,100
36643322,10:10:43:322,47.92,100
36647437,10:10:47:437,47.93,100
36647438,10:10:47:438,47.93,200
36647438,10:10:47:438,47.93,148
36647438,10:10:47:438,47.93,52
36647438,10:10:47:438,47.93,448
36647438,10:10:47:438,47.93,100
36647438,10:10:47:438,47.93,100
36647906,10:10:47:906,47.93,100
36648356,10:10:48:356,47.93,100
36650769,10:10:50:769,47.92,50
36660387,10:11:0:387,47.93,62
36682325,10:11:22:325,47.93,20
36688603,10:11:28:603,47.9399,3
36689021,10:11:29:21,47.92,20
36689021,10:11:29:21,47.92,1
36689021,10:11:29:21,47.92,80
36689021,10:11:29:21,47.92,50
36689021,10:11:29:21,47.93,100
36689143,10:11:29:143,47.92,100
36701483,10:11:41:483,47.91,100
36701483,10:11:41:483,47.91,5
36701483,10:11:41:483,47.91,200
36701483,10:11:41:483,47.91,100
36701485,10:11:41:485,47.9,200
36706051,10:11:46:51,47.89,1
36706051,10:11:46:51,47.89,99
36706051,10:11:46:51,47.89,99
36721044,10:12:1:44,47.87,299
36721045,10:12:1:45,47.89,100
36721045,10:12:1:45,47.87,101
36721541,10:12:1:541,47.86,10
36721589,10:12:1:589,47.86,40
36723648,10:12:3:648,47.87,100
36735961,10:12:15:961,47.87,100
36735962,10:12:15:962,47.88,100
36740304,10:12:20:304,47.89,100
36740306,10:12:20:306,47.89,100
36745087,10:12:25:87,47.87,100
36745187,10:12:25:187,47.88,100
36745891,10:12:25:891,47.88,200
36745892,10:12:25:892,47.88,98
36745892,10:12:25:892,47.88,100
36745892,10:12:25:892,47.88,2
36745892,10:12:25:892,47.88,3
36750037,10:12:30:37,47.87,100
36760268,10:12:40:268,47.88,2
36760268,10:12:40:268,47.88,98
36760269,10:12:40:269,47.88,102
36760269,10:12:40:269,47.88,98
36760285,10:12:40:285,47.89,100
36760285,10:12:40:285,47.89,1
36762184,10:12:42:184,47.89,89
36770841,10:12:50:841,47.8701,400
36771049,10:12:51:49,47.8701,400
36774988,10:12:54:988,47.8701,100
36776009,10:12:56:9,47.87,100
36780150,10:13:0:150,47.88,100
36780150,10:13:0:150,47.88,100
36780150,10:13:0:150,47.88,100
36780150,10:13:0:150,47.88,100
36780150,10:13:0:150,47.88,100
36780158,10:13:0:158,47.88,200
36780175,10:13:0:175,47.89,100
36781166,10:13:1:166,47.88,62
36781196,10:13:1:196,47.88,62
36781196,10:13:1:196,47.88,38
36781200,10:13:1:200,47.88,100
36782165,10:13:2:165,47.88,100
36782165,10:13:2:165,47.88,100
36782170,10:13:2:170,47.88,100
36782171,10:13:2:171,47.88,100
36782172,10:13:2:172,47.88,38
36782172,10:13:2:172,47.88,10
36782172,10:13:2:172,47.88,100
36782173,10:13:2:173,47.88,100
36782183,10:13:2:183,47.87,251
36782183,10:13:2:183,47.88,100
36782183,10:13:2:183,47.88,100
36782222,10:13:2:222,47.87,100
36782222,10:13:2:222,47.87,400
36782222,10:13:2:222,47.87,259
36782222,10:13:2:222,47.87,149
36782223,10:13:2:223,47.87,100
36782223,10:13:2:223,47.87,100
36782223,10:13:2:223,47.86,100
36782224,10:13:2:224,47.87,100
36782225,10:13:2:225,47.87,111
36782231,10:13:2:231,47.87,89
36782233,10:13:2:233,47.87,100
36782234,10:13:2:234,47.86,112
36782234,10:13:2:234,47.88,100
36782239,10:13:2:239,47.84,229
36782245,10:13:2:245,47.8401,53
36782400,10:13:2:400,47.87,100
36782413,10:13:2:413,47.88,100
36782663,10:13:2:663,47.86,6
36782664,10:13:2:664,47.88,94
36782664,10:13:2:664,47.86,94
36782664,10:13:2:664,47.86,6
36786373,10:13:6:373,47.85,100
36788449,10:13:8:449,47.85,100
36791537,10:13:11:537,47.85,100
36794639,10:13:14:639,47.85,100
36796696,10:13:16:696,47.84,100
36798258,10:13:18:258,47.85,100
36798258,10:13:18:258,47.85,100
36798258,10:13:18:258,47.85,200
36798262,10:13:18:262,47.86,1
36798265,10:13:18:265,47.86,13
36801865,10:13:21:865,47.84,100
36801869,10:13:21:869,47.84,1
36801869,10:13:21:869,47.84,99
36806062,10:13:26:62,47.85,200
36807025,10:13:27:25,47.8401,100
36808066,10:13:28:66,47.8401,100
36812183,10:13:32:183,47.84,100
36812868,10:13:32:868,47.86,200
36815286,10:13:35:286,47.84,100
36817348,10:13:37:348,47.8201,100
36821477,10:13:41:477,47.8201,100
36822014,10:13:42:14,47.83,100
36822486,10:13:42:486,47.84,700
36822503,10:13:42:503,47.83,100
36827660,10:13:47:660,47.835,100
36828693,10:13:48:693,47.8201,100
36832805,10:13:52:805,47.83,100
36833513,10:13:53:513,47.85,200
36834875,10:13:54:875,47.83,100
36837963,10:13:57:963,47.8201,197
36840036,10:14:0:36,47.82,168
36849451,10:14:9:451,47.81,10
36857713,10:14:17:713,47.84,1
36860098,10:14:20:98,47.84,100
36860098,10:14:20:98,47.84,99
36861655,10:14:21:655,47.9196,100
36861656,10:14:21:656,47.9196,100
36862732,10:14:22:732,47.85,100
36862732,10:14:22:732,47.85,9
36862732,10:14:22:732,47.85,100
36862732,10:14:22:732,47.85,200
36862732,10:14:22:732,47.85,100
36862732,10:14:22:732,47.85,100
36862741,10:14:22:741,47.86,200
36863519,10:14:23:519,47.86,100
36863520,10:14:23:520,47.86,100
36863527,10:14:23:527,47.86,100
36864881,10:14:24:881,47.87,100
36877486,10:14:37:486,47.88,100
36877486,10:14:37:486,47.88,100
36877487,10:14:37:487,47.88,100
36877487,10:14:37:487,47.88,100
36881426,10:14:41:426,47.9,100
36884348,10:14:44:348,47.9,100
36885919,10:14:45:919,47.9,4
36885920,10:14:45:920,47.9,100
36885920,10:14:45:920,47.91,100
36885920,10:14:45:920,47.91,100
36885920,10:14:45:920,47.91,300
36885920,10:14:45:920,47.91,100
36885921,10:14:45:921,47.91,100
36887014,10:14:47:14,47.92,100
36887014,10:14:47:14,47.92,100
36888322,10:14:48:322,47.93,200
36904006,10:15:4:6,47.93,1
36915594,10:15:15:594,47.91,20
36919725,10:15:19:725,47.93,100
36919725,10:15:19:725,47.93,99
36919725,10:15:19:725,47.93,100
36919725,10:15:19:725,47.93,100
36923622,10:15:23:622,47.95,39
36927557,10:15:27:557,47.92,40
36927816,10:15:27:816,47.92,121
36928416,10:15:28:416,47.9422,11
36928417,10:15:28:417,47.938,12
36969013,10:16:9:13,47.941,150
36980584,10:16:20:584,47.95,100
36980585,10:16:20:585,47.95,100
37024465,10:17:4:465,47.93,4
37024465,10:17:4:465,47.92,100
37024465,10:17:4:465,47.92,146
37024465,10:17:4:465,47.92,7
37024465,10:17:4:465,47.92,5
37024465,10:17:4:465,47.92,100
37024465,10:17:4:465,47.92,100
37024465,10:17:4:465,47.92,45
37024465,10:17:4:465,47.92,100
37024465,10:17:4:465,47.92,53
37024468,10:17:4:468,47.91,100
37024469,10:17:4:469,47.91,100
37024471,10:17:4:471,47.92,180
37024477,10:17:4:477,47.91,200
37024489,10:17:4:489,47.91,100
37024526,10:17:4:526,47.91,100
37024526,10:17:4:526,47.91,100
37024527,10:17:4:527,47.91,100
37024527,10:17:4:527,47.91,200
37024552,10:17:4:552,47.92,2
37024577,10:17:4:577,47.92,100
37024747,10:17:4:747,47.92,98
37024747,10:17:4:747,47.94,2
37047526,10:17:27:526,47.94,100
37047526,10:17:27:526,47.94,100
37047529,10:17:27:529,47.95,100
37047529,10:17:27:529,47.95,100
37047529,10:17:27:529,47.95,100
37100255,10:18:20:255,47.95,1
37105068,10:18:25:68,47.94,100
37109691,10:18:29:691,47.945,100
37109691,10:18:29:691,47.94,75
37109691,10:18:29:691,47.94,100
37109692,10:18:29:692,47.93,100
37109693,10:18:29:693,47.93,100
37109693,10:18:29:693,47.93,100
37109693,10:18:29:693,47.93,1
37109698,10:18:29:698,47.94,100
37109815,10:18:29:815,47.94,100
37115157,10:18:35:157,47.93,300
37115157,10:18:35:157,47.93,100
37120550,10:18:40:550,47.92,690
37163493,10:19:23:493,47.94,200
37202748,10:20:2:748,47.92,100
37202749,10:20:2:749,47.92,100
37202749,10:20:2:749,47.92,100
37202749,10:20:2:749,47.92,100
37202752,10:20:2:752,47.92,200
37202752,10:20:2:752,47.91,100
37202762,10:20:2:762,47.92,100
37202769,10:20:2:769,47.91,13
37202885,10:20:2:885,47.92,100
37206747,10:20:6:747,47.91,100
37212961,10:20:12:961,47.92,93
37212961,10:20:12:961,47.92,7
37215300,10:20:15:300,47.92,100
37215300,10:20:15:300,47.92,150
37215300,10:20:15:300,47.92,50
37215300,10:20:15:300,47.92,100
37215300,10:20:15:300,47.92,100
37219716,10:20:19:716,47.93,100
37219716,10:20:19:716,47.93,100
37219716,10:20:19:716,47.93,100
37219726,10:20:19:726,47.93,100
37223841,10:20:23:841,47.94,3
37224502,10:20:24:502,47.95,200
37224502,10:20:24:502,47.95,100
37264557,10:21:4:557,47.96,1
37269277,10:21:9:277,47.97,13
37269278,10:21:9:278,47.955,13
37283503,10:21:23:503,47.96,3106
37286212,10:21:26:212,47.96,200
37330017,10:22:10:17,47.97,3
37343168,10:22:23:168,47.94,20
37343188,10:22:23:188,47.94,20
37343188,10:22:23:188,47.94,40
37343189,10:22:23:189,47.94,20
37343202,10:22:23:202,47.94,40
37343219,10:22:23:219,47.94,40
37343219,10:22:23:219,47.94,20
37343219,10:22:23:219,47.94,40
37343219,10:22:23:219,47.94,20
37343220,10:22:23:220,47.94,20
37343220,10:22:23:220,47.94,20
37343220,10:22:23:220,47.94,80
37343220,10:22:23:220,47.94,40
37343220,10:22:23:220,47.94,20
37343221,10:22:23:221,47.94,80
37343221,10:22:23:221,47.93,60
37343221,10:22:23:221,47.93,20
37343223,10:22:23:223,47.94,100
37343225,10:22:23:225,47.94,100
37343225,10:22:23:225,47.93,20
37343226,10:22:23:226,47.94,100
37343226,10:22:23:226,47.94,100
37343226,10:22:23:226,47.94,100
37343226,10:22:23:226,47.93,20
37343226,10:22:23:226,47.94,20
37343227,10:22:23:227,47.94,100
37343227,10:22:23:227,47.94,80
37343227,10:22:23:227,47.94,10
37343227,10:22:23:227,47.93,20
37343230,10:22:23:230,47.94,100
37343232,10:22:23:232,47.93,40
37343232,10:22:23:232,47.93,20
37343232,10:22:23:232,47.93,33
37343232,10:22:23:232,47.93,7
37343248,10:22:23:248,47.93,93
37343263,10:22:23:263,47.93,100
37343263,10:22:23:263,47.93,100
37358525,10:22:38:525,47.92,90
37358526,10:22:38:526,47.92,110
37358526,10:22:38:526,47.92,100
37358526,10:22:38:526,47.92,100
37358527,10:22:38:527,47.92,100
37358534,10:22:38:534,47.92,200
37358568,10:22:38:568,47.92,10
37358568,10:22:38:568,47.92,10
37368358,10:22:48:358,47.93,200
37368358,10:22:48:358,47.93,76
37368358,10:22:48:358,47.93,100
37368358,10:22:48:358,47.93,100
37368358,10:22:48:358,47.92,8
37368358,10:22:48:358,47.92,8
37368358,10:22:48:358,47.92,8
37368358,10:22:48:358,47.93,100
37368358,10:22:48:358,47.93,24
37368459,10:22:48:459,47.93,10
37387546,10:23:7:546,47.94,300
37406248,10:23:26:248,47.9499,1
37461704,10:24:21:704,47.927,100
37468755,10:24:28:755,47.94,200
37468756,10:24:28:756,47.94,100
37468756,10:24:28:756,47.945,100
37473122,10:24:33:122,47.94,200
37473148,10:24:33:148,47.94,100
37473148,10:24:33:148,47.94,10
37473151,10:24:33:151,47.94,100
37473202,10:24:33:202,47.94,100
37481800,10:24:41:800,47.9334,10
37491308,10:24:51:308,47.94,3
37491308,10:24:51:308,47.94,97
37540043,10:25:40:43,47.93,100
37540440,10:25:40:440,47.93,6
37540440,10:25:40:440,47.93,2
37583332,10:26:23:332,47.9201,20
37583777,10:26:23:777,47.9399,100
37593517,10:26:33:517,47.93,2
37598449,10:26:38:449,47.93,98
37598452,10:26:38:452,47.94,100
37598452,10:26:38:452,47.94,100
37598452,10:26:38:452,47.94,100
37598452,10:26:38:452,47.94,100
37598452,10:26:38:452,47.94,100
37598452,10:26:38:452,47.94,100
37618568,10:26:58:568,47.94,13
37619797,10:26:59:797,47.94,87
37619797,10:26:59:797,47.94,100
37619838,10:26:59:838,47.94,100
37620014,10:27:0:14,47.95,100
37620014,10:27:0:14,47.95,100
37620014,10:27:0:14,47.95,100
37634081,10:27:14:81,47.9496,5
37635207,10:27:15:207,47.95,100
37635207,10:27:15:207,47.95,200
37635207,10:27:15:207,47.95,100
37635207,10:27:15:207,47.95,100
37644696,10:27:24:696,47.93,2
37644696,10:27:24:696,47.93,6
37646073,10:27:26:73,47.96,1
37667097,10:27:47:97,47.96,100
37667103,10:27:47:103,47.965,13
37679430,10:27:59:430,47.95,200
37688608,10:28:8:608,47.98,1
37698961,10:28:18:961,47.99,100
37698961,10:28:18:961,47.99,100
37729830,10:28:49:830,48,70
37761732,10:29:21:732,47.9467,200
37761732,10:29:21:732,47.9467,100
37761733,10:29:21:733,47.9467,100
37761733,10:29:21:733,47.9467,100
37777278,10:29:37:278,47.9715,130
37787514,10:29:47:514,48,1
37797989,10:29:57:989,48,99
37797989,10:29:57:989,48,100
37797990,10:29:57:990,48,100
37797997,10:29:57:997,48,100
37806854,10:30:6:854,48.01,5
37814820,10:30:14:820,47.995,200
37857002,10:30:57:2,48.01,100
37857002,10:30:57:2,48.01,51
37857053,10:30:57:53,48,1
37857088,10:30:57:88,48,51
37857088,10:30:57:88,48,49
37857088,10:30:57:88,48,51
37857088,10:30:57:88,48,100
37857088,10:30:57:88,48,100
37874738,10:31:14:738,48.01,2
37882066,10:31:22:66,47.9975,100
37886694,10:31:26:694,48.01,47
37886694,10:31:26:694,48.01,200
37886694,10:31:26:694,48.01,15
37886696,10:31:26:696,48.02,100
37886696,10:31:26:696,48.02,100
37886696,10:31:26:696,48.02,100
37886722,10:31:26:722,48.01,100
37886752,10:31:26:752,48.02,100
37889190,10:31:29:190,48.03,20
37890167,10:31:30:167,48.03,80
37890168,10:31:30:168,48.03,23
37890168,10:31:30:168,48.03,77
37890169,10:31:30:169,48.03,90
37890169,10:31:30:169,48.03,100
37890169,10:31:30:169,48.03,170
37890169,10:31:30:169,48.03,30
37890170,10:31:30:170,48.03,10
37890173,10:31:30:173,48.04,20
37890175,10:31:30:175,48.03,100
37890188,10:31:30:188,48.04,10
37890206,10:31:30:206,48.04,300
37890206,10:31:30:206,48.04,100
37890425,10:31:30:425,48.035,100
37890449,10:31:30:449,48.035,100
37890509,10:31:30:509,48.02,100
37893926,10:31:33:926,48.0497,166
37898708,10:31:38:708,48.05,200
37898708,10:31:38:708,48.05,300
37898708,10:31:38:708,48.05,100
37898708,10:31:38:708,48.05,100
37901402,10:31:41:402,48.06,1
37910108,10:31:50:108,48.0679,700
37910163,10:31:50:163,48.04,100
37917492,10:31:57:492,48.05,100
37933527,10:32:13:527,48.06,1
37935038,10:32:15:38,48.06,100
37935038,10:32:15:38,48.06,100
37955079,10:32:35:79,48.05,100
37955079,10:32:35:79,48.05,100
37955079,10:32:35:79,48.05,81
37955079,10:32:35:79,48.05,100
37955079,10:32:35:79,48.05,19
37955079,10:32:35:79,48.05,131
37955079,10:32:35:79,48.05,137
37955079,10:32:35:79,48.06,100
37955079,10:32:35:79,48.05,100
37955165,10:32:35:165,48.04,100
37965586,10:32:45:586,48.04,100
37965586,10:32:45:586,48.04,100
37965586,10:32:45:586,48.04,1
37965590,10:32:45:590,48.04,100
37965590,10:32:45:590,48.04,1
37965591,10:32:45:591,48.04,1
37965591,10:32:45:591,48.04,61
37965593,10:32:45:593,48.04,123
37965618,10:32:45:618,48.04,100
37966140,10:32:46:140,48.03,100
37981035,10:33:1:35,48.04,38
37981035,10:33:1:35,48.04,62
37986169,10:33:6:169,48.04,1
37986169,10:33:6:169,48.04,199
37986169,10:33:6:169,48.04,99
37986169,10:33:6:169,48.04,100
37986169,10:33:6:169,48.04,100
37986169,10:33:6:169,48.04,100
37986169,10:33:6:169,48.04,100
37986180,10:33:6:180,48.04,100
37986202,10:33:6:202,48.04,100
37986202,10:33:6:202,48.04,100
37986202,10:33:6:202,48.04,10
37986202,10:33:6:202,48.04,100
38007057,10:33:27:57,48.03,200
38007057,10:33:27:57,48.03,100
38007058,10:33:27:58,48.03,100
38007058,10:33:27:58,48.03,100
38007058,10:33:27:58,48.03,100
38024896,10:33:44:896,48.0201,51
38026966,10:33:46:966,48.0201,14
38031644,10:33:51:644,48.02,11
38042000,10:34:2:0,48.04,100
38042000,10:34:2:0,48.04,100
38042001,10:34:2:1,48.04,85
38042001,10:34:2:1,48.04,100
38042001,10:34:2:1,48.04,15
38042001,10:34:2:1,48.04,100
38050030,10:34:10:30,48.04,13
38056066,10:34:16:66,48.04,100
38085039,10:34:45:39,48.02,89
38085039,10:34:45:39,48.02,14
38085039,10:34:45:39,48.02,2
38086037,10:34:46:37,48.02,100
38086037,10:34:46:37,48.02,1
38086037,10:34:46:37,48.02,86
38086080,10:34:46:80,48.015,51
38087032,10:34:47:32,48.01,9
38094160,10:34:54:160,48.02,100
38094160,10:34:54:160,48.02,200
38094160,10:34:54:160,48.02,100
38094160,10:34:54:160,48.02,100
38094160,10:34:54:160,48.02,73
38094160,10:34:54:160,48.02,100
38094160,10:34:54:160,48.02,27
38094161,10:34:54:161,48.03,100
38094161,10:34:54:161,48.03,100
38094161,10:34:54:161,48.03,200
38094161,10:34:54:161,48.03,100
38094161,10:34:54:161,48.03,100
38094264,10:34:54:264,48.02,100
38095019,10:34:55:19,48.03,100
38098943,10:34:58:943,48.04,100
38098944,10:34:58:944,48.04,100
38098944,10:34:58:944,48.04,77
38098944,10:34:58:944,48.04,200
38098944,10:34:58:944,48.04,23
38098955,10:34:58:955,48.05,200
38098955,10:34:58:955,48.05,100
38098956,10:34:58:956,48.05,100
38098967,10:34:58:967,48.06,100
38098967,10:34:58:967,48.06,100
38098988,10:34:58:988,48.07,25
38099061,10:34:59:61,48.05,100
38122018,10:35:22:18,48.07,38
38142155,10:35:42:155,48.05,54
38142156,10:35:42:156,48.05,346
38142163,10:35:42:163,48.05,100
38142165,10:35:42:165,48.05,400
38142271,10:35:42:271,48.05,100
38142700,10:35:42:700,48.03,100
38142700,10:35:42:700,48.03,100
38142700,10:35:42:700,48.03,100
38142700,10:35:42:700,48.03,100
38142700,10:35:42:700,48.03,53
38142701,10:35:42:701,48.03,26
38142701,10:35:42:701,48.03,100
38142818,10:35:42:818,48.03,100
38143200,10:35:43:200,48.02,100
38145121,10:35:45:121,48.04,99
38155709,10:35:55:709,48.04,2
38158427,10:35:58:427,48.03,100
38162907,10:36:2:907,48.03,1
38180375,10:36:20:375,48.039,200
38192914,10:36:32:914,48.02,100
38206789,10:36:46:789,48.025,200
38210020,10:36:50:20,48.02,100
38210138,10:36:50:138,48.02,100
38211006,10:36:51:6,48.02,100
38213301,10:36:53:301,48.02,100
38213302,10:36:53:302,48.03,500
38213302,10:36:53:302,48.03,100
38213302,10:36:53:302,48.03,100
38213302,10:36:53:302,48.03,100
38246057,10:37:26:57,48.04,100
38246057,10:37:26:57,48.04,2
38246057,10:37:26:57,48.04,2
38246057,10:37:26:57,48.04,90
38246057,10:37:26:57,48.04,98
38246057,10:37:26:57,48.04,73
38246057,10:37:26:57,48.04,8
38246057,10:37:26:57,48.04,27
38246057,10:37:26:57,48.04,100
38246057,10:37:26:57,48.04,100
38246059,10:37:26:59,48.04,2
38246059,10:37:26:59,48.04,7
38246060,10:37:26:60,48.04,6
38250002,10:37:30:2,48.05,100
38268695,10:37:48:695,48.04,100
38268695,10:37:48:695,48.04,100
38268695,10:37:48:695,48.04,100
38268696,10:37:48:696,48.04,100
38268699,10:37:48:699,48.04,100
38268703,10:37:48:703,48.04,183
38268814,10:37:48:814,48.04,100
38312306,10:38:32:306,48.03,100
38315320,10:38:35:320,48.03,1
38315321,10:38:35:321,48.03,100
38315409,10:38:35:409,48.02,100
38324030,10:38:44:30,48.02,1
38324090,10:38:44:90,48.02,99
38324090,10:38:44:90,48.02,1
38324141,10:38:44:141,48.02,52
38334011,10:38:54:11,48.01,100
38334011,10:38:54:11,48.01,100
38334011,10:38:54:11,48.01,92
38351365,10:39:11:365,48,100
38371871,10:39:31:871,48.01,100
38371871,10:39:31:871,48.01,100
38371871,10:39:31:871,48.01,100
38371871,10:39:31:871,48.01,7
38371871,10:39:31:871,48.01,6
38371871,10:39:31:871,48.01,100
38371871,10:39:31:871,48.01,100
38371871,10:39:31:871,48.01,100
38371871,10:39:31:871,48.005,100
38371871,10:39:31:871,48.01,100
38371873,10:39:31:873,48,16
38375520,10:39:35:520,48.01,1500
38380008,10:39:40:8,48.01,22
38394212,10:39:54:212,48.01,200
38396004,10:39:56:4,48.01,100
38396006,10:39:56:6,48.01,100
38396007,10:39:56:7,48.01,1
38396007,10:39:56:7,48.01,1
38396013,10:39:56:13,48.01,100
38397371,10:39:57:371,48.01,100
38401032,10:40:1:32,48.01,100
38415945,10:40:15:945,48,100
38424138,10:40:24:138,48.02,38
38424138,10:40:24:138,48.02,462
38424138,10:40:24:138,48.02,99
38424138,10:40:24:138,48.02,62
38424138,10:40:24:138,48.02,100
38424138,10:40:24:138,48.02,100
38424193,10:40:24:193,48.025,100
38431892,10:40:31:892,48.02,100
38431894,10:40:31:894,48.02,100
38431897,10:40:31:897,48.03,100
38431943,10:40:31:943,48.02,100
38434625,10:40:34:625,48.02,513
38434676,10:40:34:676,48.01,100
38446558,10:40:46:558,48.02,200
38446558,10:40:46:558,48.02,100
38446558,10:40:46:558,48.02,22
38446563,10:40:46:563,48.02,78
38446599,10:40:46:599,48.02,2
38452990,10:40:52:990,48.03,100
38452990,10:40:52:990,48.03,100
38452990,10:40:52:990,48.03,100
38453089,10:40:53:89,48.02,100
38503980,10:41:43:980,48.04,100
38503980,10:41:43:980,48.04,301
38503980,10:41:43:980,48.04,100
38503980,10:41:43:980,48.04,100
38503980,10:41:43:980,48.04,100
38503980,10:41:43:980,48.04,100
38503980,10:41:43:980,48.04,100
38503981,10:41:43:981,48.035,99
38503981,10:41:43:981,48.035,1
38503981,10:41:43:981,48.04,99
38503981,10:41:43:981,48.04,1
38503981,10:41:43:981,48.04,51
38504085,10:41:44:85,48.04,100
38515015,10:41:55:15,48.05,50
38544479,10:42:24:479,48.05,50
38544479,10:42:24:479,48.05,5
38544479,10:42:24:479,48.05,95
38544479,10:42:24:479,48.05,1
38544488,10:42:24:488,48.05,100
38544678,10:42:24:678,48.05,100
38544679,10:42:24:679,48.04,7
38544679,10:42:24:679,48.04,300
38544683,10:42:24:683,48.05,100
38544686,10:42:24:686,48.05,100
38559702,10:42:39:702,48.045,44
38567259,10:42:47:259,48.04,100
38568566,10:42:48:566,48.05,100
38602289,10:43:22:289,48.05,10
38625538,10:43:45:538,48.04,100
38625538,10:43:45:538,48.05,1
38625539,10:43:45:539,48.04,62
38640611,10:44:0:611,48.04,50
38640611,10:44:0:611,48.04,82
38640612,10:44:0:612,48.04,100
38640612,10:44:0:612,48.04,100
38640612,10:44:0:612,48.04,100
38640612,10:44:0:612,48.04,18
38640612,10:44:0:612,48.04,100
38640612,10:44:0:612,48.03,80
38640613,10:44:0:613,48.04,3
38640613,10:44:0:613,48.04,20
38640613,10:44:0:613,48.03,20
38640613,10:44:0:613,48.04,100
38640615,10:44:0:615,48.03,100
38640615,10:44:0:615,48.03,206
38640621,10:44:0:621,48.03,100
38640621,10:44:0:621,48.04,100
38640622,10:44:0:622,48.03,100
38640633,10:44:0:633,48.04,25
38643103,10:44:3:103,48.05,100
38643111,10:44:3:111,48.04,100
38644851,10:44:4:851,48.05,90
38644851,10:44:4:851,48.05,8
38644851,10:44:4:851,48.05,100
38644889,10:44:4:889,48.05,18
38644890,10:44:4:890,48.05,35
38645111,10:44:5:111,48.06,100
38645112,10:44:5:112,48.05,100
38649997,10:44:9:997,48.0453,100
38655403,10:44:15:403,48.04,28
38656816,10:44:16:816,48.05,100
38671416,10:44:31:416,48.04,100
38676961,10:44:36:961,48.04,200
38692490,10:44:52:490,48.03,17
38696346,10:44:56:346,48.03,100
38696551,10:44:56:551,48.05,100
38702020,10:45:2:20,48.05,100
38702022,10:45:2:22,48.05,100
38702387,10:45:2:387,48.05,100
38713271,10:45:13:271,48.04,32
38713273,10:45:13:273,48.04,100
38713273,10:45:13:273,48.04,7
38713273,10:45:13:273,48.04,100
38713274,10:45:13:274,48.04,100
38713279,10:45:13:279,48.04,100
38713279,10:45:13:279,48.04,100
38713279,10:45:13:279,48.04,100
38713279,10:45:13:279,48.04,100
38713279,10:45:13:279,48.04,47
38713280,10:45:13:280,48.04,50
38713380,10:45:13:380,48.04,100
38713384,10:45:13:384,48.04,100
38714443,10:45:14:443,48.0293,100
38714444,10:45:14:444,48.0293,200
38714502,10:45:14:502,48.05,100
38720661,10:45:20:661,48.05,25
38721268,10:45:21:268,48.04,100
38731648,10:45:31:648,48.0301,45
38747369,10:45:47:369,48.0301,50
38770006,10:46:10:6,48.05,65
38806648,10:46:46:648,48.05,100
38806648,10:46:46:648,48.05,90
38806648,10:46:46:648,48.05,210
38806648,10:46:46:648,48.05,10
38806648,10:46:46:648,48.05,90
38806648,10:46:46:648,48.05,10
38806648,10:46:46:648,48.05,100
38806648,10:46:46:648,48.05,32
38809757,10:46:49:757,48.06,100
38809757,10:46:49:757,48.06,300
38809757,10:46:49:757,48.06,47
38809757,10:46:49:757,48.06,100
38809757,10:46:49:757,48.06,83
38809758,10:46:49:758,48.06,53
38809758,10:46:49:758,48.06,17
38812987,10:46:52:987,48.07,462
38812987,10:46:52:987,48.07,100
38820076,10:47:0:76,48.08,100
38820077,10:47:0:77,48.08,100
38820077,10:47:0:77,48.08,100
38864624,10:47:44:624,48.07,100
38864725,10:47:44:725,48.07,100
38864726,10:47:44:726,48.07,73
38864726,10:47:44:726,48.07,100
38864726,10:47:44:726,48.07,101
38864726,10:47:44:726,48.07,85
38864732,10:47:44:732,48.07,82
38864844,10:47:44:844,48.07,100
38864944,10:47:44:944,48.06,100
38892609,10:48:12:609,48.06,100
38892609,10:48:12:609,48.06,101
38892610,10:48:12:610,48.06,1
38892642,10:48:12:642,48.06,99
38894189,10:48:14:189,48.05,7
38898172,10:48:18:172,48.06,100
38924154,10:48:44:154,48.05,20
38924155,10:48:44:155,48.05,93
38926819,10:48:46:819,48.05,20
38931353,10:48:51:353,48.05,80
38931354,10:48:51:354,48.05,120
38931354,10:48:51:354,48.05,100
38932446,10:48:52:446,48.04,80
38932447,10:48:52:447,48.04,100
38932448,10:48:52:448,48.04,100
38932448,10:48:52:448,48.04,53
38932448,10:48:52:448,48.04,20
38932448,10:48:52:448,48.04,11
38932448,10:48:52:448,48.04,91
38932448,10:48:52:448,48.04,10
38940033,10:49:0:33,48.04,300
38940943,10:49:0:943,48.04,100
38940943,10:49:0:943,48.04,100
38940943,10:49:0:943,48.04,100
38940943,10:49:0:943,48.04,100
38949721,10:49:9:721,48.056,200
38968364,10:49:28:364,48.0301,477
38969214,10:49:29:214,48.03,100
38975448,10:49:35:448,48.031,47
39002032,10:50:2:32,48.04,100
39011986,10:50:11:986,48.03,2
39011993,10:50:11:993,48.035,100
39012006,10:50:12:6,48.03,48
39012006,10:50:12:6,48.0308,126
39043310,10:50:43:310,48.03,100
39074951,10:51:14:951,48.03,4
39079402,10:51:19:402,48.03,96
39114735,10:51:54:735,48.04,40
39114735,10:51:54:735,48.04,100
39114735,10:51:54:735,48.04,100
39114735,10:51:54:735,48.04,300
39114735,10:51:54:735,48.035,22
39114735,10:51:54:735,48.04,100
39114736,10:51:54:736,48.04,100
39114736,10:51:54:736,48.04,78
39114736,10:51:54:736,48.04,22
39114736,10:51:54:736,48.04,60
39114736,10:51:54:736,48.04,40
39114743,10:51:54:743,48.04,52
39119519,10:51:59:519,48.04,100
39119520,10:51:59:520,48.04,100
39120049,10:52:0:49,48.05,100
39148305,10:52:28:305,48.05,100
39148305,10:52:28:305,48.05,100
39148305,10:52:28:305,48.05,700
39148305,10:52:28:305,48.05,464
39148305,10:52:28:305,48.05,100
39148305,10:52:28:305,48.05,100
39148338,10:52:28:338,48.05,48
39148398,10:52:28:398,48.05,86
39148429,10:52:28:429,48.05,100
39175886,10:52:55:886,48.06,100
39175886,10:52:55:886,48.06,65
39175886,10:52:55:886,48.06,35
39181816,10:53:1:816,48.07,100
39181821,10:53:1:821,48.07,100
39181832,10:53:1:832,48.06,300
39183452,10:53:3:452,48.07,100
39183453,10:53:3:453,48.07,100
39183453,10:53:3:453,48.07,1
39183576,10:53:3:576,48.07,100
39183577,10:53:3:577,48.07,100
39183578,10:53:3:578,48.07,100
39183584,10:53:3:584,48.07,100
39183590,10:53:3:590,48.07,100
39192486,10:53:12:486,48.08,97
39192487,10:53:12:487,48.08,100
39192487,10:53:12:487,48.08,3
39192487,10:53:12:487,48.08,100
39192487,10:53:12:487,48.08,100
39192487,10:53:12:487,48.08,50
39192487,10:53:12:487,48.08,50
39192608,10:53:12:608,48.085,100
39220807,10:53:40:807,48.09,100
39239449,10:53:59:449,48.08,200
39239449,10:53:59:449,48.08,100
39239449,10:53:59:449,48.08,100
39239449,10:53:59:449,48.08,83
39239449,10:53:59:449,48.08,100
39239449,10:53:59:449,48.08,100
39239449,10:53:59:449,48.08,17
39239450,10:53:59:450,48.08,83
39239451,10:53:59:451,48.07,22
39239451,10:53:59:451,48.07,78
39239455,10:53:59:455,48.08,100
39239457,10:53:59:457,48.08,100
39239458,10:53:59:458,48.07,62
39239458,10:53:59:458,48.07,100
39239458,10:53:59:458,48.07,100
39239458,10:53:59:458,48.07,38
39239459,10:53:59:459,48.07,100
39239459,10:53:59:459,48.07,100
39239517,10:53:59:517,48.07,100
39239560,10:53:59:560,48.08,100
39240048,10:54:0:48,48.08,200
39248899,10:54:8:899,48.07,3
39263803,10:54:23:803,48.07,100
39264578,10:54:24:578,48.07,1
39279805,10:54:39:805,48.07,300
39279805,10:54:39:805,48.07,100
39279805,10:54:39:805,48.07,100
39279805,10:54:39:805,48.07,100
39279805,10:54:39:805,48.07,100
39279807,10:54:39:807,48.07,100
39279822,10:54:39:822,48.07,100
39280026,10:54:40:26,48.07,100
39283277,10:54:43:277,48.07,10
39300570,10:55:0:570,48.06,100
39300570,10:55:0:570,48.06,2
39300570,10:55:0:570,48.06,53
39300574,10:55:0:574,48.05,100
39300574,10:55:0:574,48.05,300
39300574,10:55:0:574,48.05,100
39300574,10:55:0:574,48.05,100
39300574,10:55:0:574,48.05,91
39300693,10:55:0:693,48.05,100
39301080,10:55:1:80,48.05,100
39301129,10:55:1:129,48.05,100
39305296,10:55:5:296,48.05,4
39305758,10:55:5:758,48.05,100
39305759,10:55:5:759,48.05,100
39323160,10:55:23:160,48.05,11
39323160,10:55:23:160,48.05,100
39323160,10:55:23:160,48.05,9
39323160,10:55:23:160,48.05,389
39323160,10:55:23:160,48.05,62
39323161,10:55:23:161,48.06,100
39323172,10:55:23:172,48.05,100
39340769,10:55:40:769,48.06,20
39342669,10:55:42:669,48.06,93
39342669,10:55:42:669,48.06,80
39342669,10:55:42:669,48.06,7
39342669,10:55:42:669,48.06,100
39342669,10:55:42:669,48.06,300
39342669,10:55:42:669,48.06,100
39342697,10:55:42:697,48.06,100
39344078,10:55:44:78,48.06,100
39350030,10:55:50:30,48.07,100
39350030,10:55:50:30,48.07,100
39354078,10:55:54:78,48.075,100
39360082,10:56:0:82,48.08,200
39361454,10:56:1:454,48.075,10
39364020,10:56:4:20,48.07,12
39364021,10:56:4:21,48.07,12
39368258,10:56:8:258,48.07,100
39368259,10:56:8:259,48.07,100
39368266,10:56:8:266,48.07,163
39368373,10:56:8:373,48.07,100
39384518,10:56:24:518,48.06,100
39412306,10:56:52:306,48.07,20
39422392,10:57:2:392,48.07,20
39422396,10:57:2:396,48.07,20
39423080,10:57:3:80,48.07,20
39423081,10:57:3:81,48.07,20
39423083,10:57:3:83,48.07,20
39438957,10:57:18:957,48.07,20
39438958,10:57:18:958,48.07,20
39438959,10:57:18:959,48.07,20
39438962,10:57:18:962,48.07,20
39440237,10:57:20:237,48.07,20
39443678,10:57:23:678,48.07,1
39443678,10:57:23:678,48.07,7
39450232,10:57:30:232,48.07,20
39452710,10:57:32:710,48.07,5
39469033,10:57:49:33,48.07,200
39469563,10:57:49:563,48.07,100
39469586,10:57:49:586,48.08,100
39469597,10:57:49:597,48.07,100
39469603,10:57:49:603,48.07,100
39472475,10:57:52:475,48.07,100
39474888,10:57:54:888,48.07,100
39475008,10:57:55:8,48.07,100
39475011,10:57:55:11,48.08,100
39475011,10:57:55:11,48.08,500
39475011,10:57:55:11,48.08,100
39475011,10:57:55:11,48.08,100
39477240,10:57:57:240,48.09,20
39480227,10:58:0:227,48.09,20
39480653,10:58:0:653,48.09,200
39481516,10:58:1:516,48.09,10
39492331,10:58:12:331,48.0613,100
39495803,10:58:15:803,48.08,100
39503563,10:58:23:563,48.09,200
39503564,10:58:23:564,48.09,100
39503566,10:58:23:566,48.09,200
39539815,10:58:59:815,48.09,400
39539815,10:58:59:815,48.09,100
39539820,10:58:59:820,48.09,100
39539828,10:58:59:828,48.09,100
39539829,10:58:59:829,48.09,100
39539846,10:58:59:846,48.09,100
39539848,10:58:59:848,48.1,10
39539924,10:58:59:924,48.09,100
39540092,10:59:0:92,48.1,300
39565565,10:59:25:565,48.11,200
39565566,10:59:25:566,48.11,2
39565566,10:59:25:566,48.11,98
39565566,10:59:25:566,48.11,68
39565566,10:59:25:566,48.11,62
39565566,10:59:25:566,48.11,18
39565566,10:59:25:566,48.11,2
39580033,10:59:40:33,48.12,3
39595513,10:59:55:513,48.1001,104
39595700,10:59:55:700,48.1001,1
39601092,11:0:1:92,48.11,100
39601092,11:0:1:92,48.11,200
39601093,11:0:1:93,48.11,10
39601093,11:0:1:93,48.11,100
39601093,11:0:1:93,48.11,100
39601093,11:0:1:93,48.11,4
39601093,11:0:1:93,48.11,100
39601102,11:0:1:102,48.11,100
39605646,11:0:5:646,48.11,100
39612437,11:0:12:437,48.11,400
39612437,11:0:12:437,48.11,1
39612443,11:0:12:443,48.11,100
39612501,11:0:12:501,48.11,100
39613308,11:0:13:308,48.115,100
39613634,11:0:13:634,48.115,200
39613645,11:0:13:645,48.11,77
39622315,11:0:22:315,48.11,100
39646595,11:0:46:595,48.11,3
39660255,11:1:0:255,48.12,5
39661439,11:1:1:439,48.115,100
39666878,11:1:6:878,48.12,95
39666878,11:1:6:878,48.12,102
39666879,11:1:6:879,48.12,17
39666888,11:1:6:888,48.12,83
39666889,11:1:6:889,48.12,117
39666889,11:1:6:889,48.12,35
39666889,11:1:6:889,48.12,100
39666890,11:1:6:890,48.12,65
39666890,11:1:6:890,48.12,100
39670106,11:1:10:106,48.12,100
39670106,11:1:10:106,48.12,100
39670106,11:1:10:106,48.12,2
39672190,11:1:12:190,48.12,100
39680067,11:1:20:67,48.12,1100
39685444,11:1:25:444,48.115,100
39696668,11:1:36:668,48.11,21
39696668,11:1:36:668,48.11,200
39696668,11:1:36:668,48.11,179
39696668,11:1:36:668,48.11,21
39696673,11:1:36:673,48.1,100
39696687,11:1:36:687,48.11,100
39696789,11:1:36:789,48.11,100
39702523,11:1:42:523,48.1,22
39706753,11:1:46:753,48.105,100
39706756,11:1:46:756,48.105,344
39717679,11:1:57:679,48.105,100
39721504,11:2:1:504,48.105,100
39721510,11:2:1:510,48.1,102
39721511,11:2:1:511,48.1,1
39721513,11:2:1:513,48.09,100
39721513,11:2:1:513,48.09,100
39721513,11:2:1:513,48.09,100
39721515,11:2:1:515,48.09,100
39721515,11:2:1:515,48.09,10
39724008,11:2:4:8,48.08,301
39724009,11:2:4:9,48.08,100
39724009,11:2:4:9,48.08,100
39724009,11:2:4:9,48.08,62
39724009,11:2:4:9,48.08,100
39724009,11:2:4:9,48.08,100
39724009,11:2:4:9,48.08,38
39724009,11:2:4:9,48.08,100
39724009,11:2:4:9,48.07,100
39724103,11:2:4:103,48.07,19
39724104,11:2:4:104,48.07,100
39724106,11:2:4:106,48.07,81
39727931,11:2:7:931,48.07,10
39727934,11:2:7:934,48.06,100
39727934,11:2:7:934,48.06,1
39727934,11:2:7:934,48.06,1
39727937,11:2:7:937,48.05,100
39727938,11:2:7:938,48.05,100
39727939,11:2:7:939,48.05,100
39727940,11:2:7:940,48.06,100
39727947,11:2:7:947,48.05,100
39734587,11:2:14:587,48.06,62
39734588,11:2:14:588,48.06,38
39734588,11:2:14:588,48.06,100
39735639,11:2:15:639,48.05,100
39738567,11:2:18:567,48.06,5
39738572,11:2:18:572,48.06,5
39743926,11:2:23:926,48.06,90
39743928,11:2:23:928,48.06,85
39744148,11:2:24:148,48.06,203
39744148,11:2:24:148,48.06,100
39749864,11:2:29:864,48.06,3
39759707,11:2:39:707,48.07,72
39759707,11:2:39:707,48.07,100
39759707,11:2:39:707,48.07,28
39759707,11:2:39:707,48.07,220
39759707,11:2:39:707,48.07,100
39759707,11:2:39:707,48.07,8
39766147,11:2:46:147,48.08,100
39783203,11:3:3:203,48.085,100
39784685,11:3:4:685,48.09,100
39791011,11:3:11:11,48.085,100
39800979,11:3:20:979,48.085,100
39800989,11:3:20:989,48.08,100
39811005,11:3:31:5,48.085,100
39825522,11:3:45:522,48.09,300
39825524,11:3:45:524,48.1,100
39825525,11:3:45:525,48.1,193
39825525,11:3:45:525,48.1,100
39825525,11:3:45:525,48.1,100
39825525,11:3:45:525,48.1,100
39825525,11:3:45:525,48.1,562
39825525,11:3:45:525,48.1,100
39825526,11:3:45:526,48.1,62
39825526,11:3:45:526,48.1,83
39825526,11:3:45:526,48.1,17
39825526,11:3:45:526,48.1,83
39825526,11:3:45:526,48.1,17
39825526,11:3:45:526,48.1,100
39825532,11:3:45:532,48.1,83
39825708,11:3:45:708,48.105,100
39829090,11:3:49:90,48.11,100
39834131,11:3:54:131,48.12,300
39841419,11:4:1:419,48.115,100
39861089,11:4:21:89,48.12,100
39861089,11:4:21:89,48.12,76
39861089,11:4:21:89,48.12,124
39861090,11:4:21:90,48.13,162
39861090,11:4:21:90,48.13,100
39861090,11:4:21:90,48.13,100
39861090,11:4:21:90,48.13,100
39861090,11:4:21:90,48.13,100
39861090,11:4:21:90,48.13,100
39865301,11:4:25:301,48.135,100
39866489,11:4:26:489,48.14,100
39867163,11:4:27:163,48.15,1
39869872,11:4:29:872,48.16,100
39869872,11:4:29:872,48.15,99
39869873,11:4:29:873,48.16,100
39869885,11:4:29:885,48.16,100
39869898,11:4:29:898,48.15,100
39869899,11:4:29:899,48.15,100
39869911,11:4:29:911,48.15,100
39869997,11:4:29:997,48.15,100
39876578,11:4:36:578,48.16,1295
39877203,11:4:37:203,48.16,100
39891315,11:4:51:315,48.15,100
39897228,11:4:57:228,48.17,129
39897228,11:4:57:228,48.17,100
39897228,11:4:57:228,48.17,400
39899981,11:4:59:981,48.17,1
39901738,11:5:1:738,48.165,100
39936196,11:5:36:196,48.18,100
39936196,11:5:36:196,48.18,100
39936196,11:5:36:196,48.18,200
39949825,11:5:49:825,48.195,100
39949835,11:5:49:835,48.18,100
39964772,11:6:4:772,48.214,20
39966539,11:6:6:539,48.215,500
39966540,11:6:6:540,48.23,100
39966540,11:6:6:540,48.23,200
39966554,11:6:6:554,48.215,500
39966645,11:6:6:645,48.22,400
39966657,11:6:6:657,48.22,400
39971480,11:6:11:480,48.21,90
39982255,11:6:22:255,48.2,100
39982255,11:6:22:255,48.2,600
39982255,11:6:22:255,48.2,1
39982255,11:6:22:255,48.2,100
39982258,11:6:22:258,48.19,100
39982268,11:6:22:268,48.2,100
39986747,11:6:26:747,48.1871,70
40021039,11:7:1:39,48.18,100
40022337,11:7:2:337,48.18,100
40035228,11:7:15:228,48.16,200
40040850,11:7:20:850,48.15,215
40040851,11:7:20:851,48.15,85
40040851,11:7:20:851,48.15,1
40040920,11:7:20:920,48.14,200
40078446,11:7:58:446,48.13,30
40089160,11:8:9:160,48.13,100
40089161,11:8:9:161,48.13,15
40089161,11:8:9:161,48.13,47
40089161,11:8:9:161,48.13,53
40092406,11:8:12:406,48.1264,300
40115982,11:8:35:982,48.1399,9
40115992,11:8:35:992,48.1201,8
40127901,11:8:47:901,48.14,100
40128767,11:8:48:767,48.13,100
40128779,11:8:48:779,48.13,100
40128781,11:8:48:781,48.13,100
40128881,11:8:48:881,48.13,100
40130551,11:8:50:551,48.13,100
40130552,11:8:50:552,48.13,10
40130552,11:8:50:552,48.13,10
40133020,11:8:53:20,48.13,80
40133021,11:8:53:21,48.13,20
40133834,11:8:53:834,48.125,100
40138168,11:8:58:168,48.1261,300
40149657,11:9:9:657,48.1294,100
40169505,11:9:29:505,48.12,8
40172925,11:9:32:925,48.12,92
40172925,11:9:32:925,48.12,100
40172925,11:9:32:925,48.12,100
40172925,11:9:32:925,48.12,1
40172930,11:9:32:930,48.11,100
40187828,11:9:47:828,48.12,100
40209362,11:10:9:362,48.12,1
40209363,11:10:9:363,48.12,100
40209363,11:10:9:363,48.12,99
40209363,11:10:9:363,48.12,100
40209363,11:10:9:363,48.12,93
40209363,11:10:9:363,48.12,100
40209363,11:10:9:363,48.12,7
40209363,11:10:9:363,48.12,100
40209373,11:10:9:373,48.12,100
40211201,11:10:11:201,48.12,30
40212776,11:10:12:776,48.12,70
40213412,11:10:13:412,48.12,100
40213511,11:10:13:511,48.125,100
40243004,11:10:43:4,48.12,100
40243004,11:10:43:4,48.12,100
40243005,11:10:43:5,48.12,100
40243005,11:10:43:5,48.12,30
40243005,11:10:43:5,48.12,100
40243011,11:10:43:11,48.12,200
40243066,11:10:43:66,48.12,100
40261689,11:11:1:689,48.11,104
40276788,11:11:16:788,48.11,100
40276788,11:11:16:788,48.11,10
40280581,11:11:20:581,48.11,100
40280581,11:11:20:581,48.11,190
40280581,11:11:20:581,48.11,100
40280581,11:11:20:581,48.11,100
40280582,11:11:20:582,48.11,1
40280585,11:11:20:585,48.12,100
40280587,11:11:20:587,48.12,100
40281056,11:11:21:56,48.11,100
40281202,11:11:21:202,48.11,100
40281202,11:11:21:202,48.11,1
40281203,11:11:21:203,48.11,99
40288833,11:11:28:833,48.105,200
40294675,11:11:34:675,48.11,100
40317325,11:11:57:325,48.12,30
40324249,11:12:4:249,48.12,100
40324251,11:12:4:251,48.12,100
40324251,11:12:4:251,48.12,100
40324251,11:12:4:251,48.12,70
40324258,11:12:4:258,48.12,100
40324259,11:12:4:259,48.12,20
40336907,11:12:16:907,48.126,2
40354515,11:12:34:515,48.11,100
40354516,11:12:34:516,48.11,100
40354516,11:12:34:516,48.11,100
40354516,11:12:34:516,48.11,121
40354516,11:12:34:516,48.11,1
40354516,11:12:34:516,48.1,400
40354517,11:12:34:517,48.1,1
40354534,11:12:34:534,48.11,100
40354558,11:12:34:558,48.08,100
40354603,11:12:34:603,48.09,100
40354608,11:12:34:608,48.11,100
40354612,11:12:34:612,48.11,100
40354647,11:12:34:647,48.11,100
40354662,11:12:34:662,48.11,100
40357241,11:12:37:241,48.1,100
40364882,11:12:44:882,48.09,17
40393995,11:13:13:995,48.08,25
40393995,11:13:13:995,48.08,101
40393995,11:13:13:995,48.08,10
40396016,11:13:16:16,48.08,200
40396016,11:13:16:16,48.08,100
40399084,11:13:19:84,48.08,35
40400635,11:13:20:635,48.08,200
40400635,11:13:20:635,48.08,165
40437306,11:13:57:306,48.09,2
40439415,11:13:59:415,48.09,20
40442352,11:14:2:352,48.08,1
40443617,11:14:3:617,48.08,200
40443617,11:14:3:617,48.08,100
40443667,11:14:3:667,48.08,100
40447848,11:14:7:848,48.08,100
40447848,11:14:7:848,48.08,11
40447848,11:14:7:848,48.08,14
40454373,11:14:14:373,48.09,100
40454373,11:14:14:373,48.09,100
40454373,11:14:14:373,48.09,99
40467548,11:14:27:548,48.09,100
40467905,11:14:27:905,48.1,4
40469370,11:14:29:370,48.081,155
40475406,11:14:35:406,48.1,296
40475406,11:14:35:406,48.1,4
40475406,11:14:35:406,48.1,100
40475406,11:14:35:406,48.1,1
40475409,11:14:35:409,48.1,100
40475456,11:14:35:456,48.1,100
40475723,11:14:35:723,48.1,4
40477915,11:14:37:915,48.1,100
40479291,11:14:39:291,48.1,200
40498953,11:14:58:953,48.11,20
40519012,11:15:19:12,48.1,100
40531309,11:15:31:309,48.1,1
40531309,11:15:31:309,48.1,1
40542209,11:15:42:209,48.1,200
40542210,11:15:42:210,48.1,100
40542210,11:15:42:210,48.1,100
40542210,11:15:42:210,48.1,100
40542210,11:15:42:210,48.09,100
40542210,11:15:42:210,48.1,100
40542210,11:15:42:210,48.1,100
40542211,11:15:42:211,48.1,5
40542219,11:15:42:219,48.1,100
40558743,11:15:58:743,48.1,20
40591682,11:16:31:682,48.095,1
40591682,11:16:31:682,48.09,19
40591968,11:16:31:968,48.09,100
40591968,11:16:31:968,48.09,100
40591968,11:16:31:968,48.09,100
40591969,11:16:31:969,48.09,100
40591969,11:16:31:969,48.09,100
40591969,11:16:31:969,48.09,100
40591969,11:16:31:969,48.09,4
40591969,11:16:31:969,48.09,108
40591969,11:16:31:969,48.09,62
40591969,11:16:31:969,48.09,38
40591969,11:16:31:969,48.09,129
40592081,11:16:32:81,48.09,100
40592082,11:16:32:82,48.09,62
40592082,11:16:32:82,48.09,38
40592083,11:16:32:83,48.09,3
40616508,11:16:56:508,48.08,100
40616509,11:16:56:509,48.08,73
40616509,11:16:56:509,48.08,127
40618709,11:16:58:709,48.08,20
40629901,11:17:9:901,48.07,100
40630007,11:17:10:7,48.075,100
40632578,11:17:12:578,48.07,1
40632578,11:17:12:578,48.07,100
40632578,11:17:12:578,48.07,5
40632578,11:17:12:578,48.07,1
40632578,11:17:12:578,48.07,100
40632578,11:17:12:578,48.07,1
40632578,11:17:12:578,48.07,100
40633981,11:17:13:981,48.06,100
40666338,11:17:46:338,48.06,100
40666339,11:17:46:339,48.06,100
40668035,11:17:48:35,48.05,100
40678071,11:17:58:71,48.055,100
40680018,11:18:0:18,48.06,10
40684012,11:18:4:12,48.055,100
40687739,11:18:7:739,48.06,8
40700627,11:18:20:627,48.0985,200
40700629,11:18:20:629,48.0985,100
40700655,11:18:20:655,48.06,100
40700655,11:18:20:655,48.06,100
40700655,11:18:20:655,48.06,482
40700655,11:18:20:655,48.06,100
40700656,11:18:20:656,48.06,100
40700656,11:18:20:656,48.06,100
40700656,11:18:20:656,48.06,100
40700656,11:18:20:656,48.06,100
40700656,11:18:20:656,48.06,100
40703910,11:18:23:910,48.07,100
40703935,11:18:23:935,48.08,100
40704863,11:18:24:863,48.07,100
40704925,11:18:24:925,48.06,100
40740011,11:19:0:11,48.08,10
40740956,11:19:0:956,48.08,100
40744729,11:19:4:729,48.09,4
40767293,11:19:27:293,48.0899,13
40775984,11:19:35:984,48.08,1
40776830,11:19:36:830,48.08,100
40788299,11:19:48:299,48.09,100
40792671,11:19:52:671,48.08,34
40800012,11:20:0:12,48.09,10
40801138,11:20:1:138,48.08,100
40804496,11:20:4:496,48.08,100
40804497,11:20:4:497,48.08,100
40820288,11:20:20:288,48.09,100
40820288,11:20:20:288,48.09,100
40845259,11:20:45:259,48.1,1
40859655,11:20:59:655,48.11,10
40864023,11:21:4:23,48.1,1
40864441,11:21:4:441,48.1037,140
40864655,11:21:4:655,48.11,100
40864656,11:21:4:656,48.11,100
40864656,11:21:4:656,48.11,90
40864717,11:21:4:717,48.11,100
40864756,11:21:4:756,48.11,100
40868719,11:21:8:719,48.1,20
40868720,11:21:8:720,48.1,20
40868720,11:21:8:720,48.1,20
40868720,11:21:8:720,48.1,100
40868720,11:21:8:720,48.1,20
40868720,11:21:8:720,48.1,40
40868720,11:21:8:720,48.1,40
40868720,11:21:8:720,48.1,400
40868720,11:21:8:720,48.1,100
40868720,11:21:8:720,48.1,40
40868722,11:21:8:722,48.09,20
40868723,11:21:8:723,48.09,20
40868750,11:21:8:750,48.09,20
40868750,11:21:8:750,48.09,40
40868751,11:21:8:751,48.09,20
40868751,11:21:8:751,48.09,20
40868751,11:21:8:751,48.09,20
40868752,11:21:8:752,48.09,20
40868752,11:21:8:752,48.09,20
40868754,11:21:8:754,48.09,40
40868754,11:21:8:754,48.09,20
40868754,11:21:8:754,48.09,20
40868755,11:21:8:755,48.09,20
40868755,11:21:8:755,48.09,20
40868755,11:21:8:755,48.09,40
40868755,11:21:8:755,48.09,60
40868759,11:21:8:759,48.09,20
40868761,11:21:8:761,48.09,20
40868787,11:21:8:787,48.09,100
40877953,11:21:17:953,48.1,200
40877953,11:21:17:953,48.1,100
40882363,11:21:22:363,48.084,200
40898833,11:21:38:833,48.09,100
40903801,11:21:43:801,48.11,100
40903801,11:21:43:801,48.11,144
40903801,11:21:43:801,48.11,156
40903801,11:21:43:801,48.11,100
40919588,11:21:59:588,48.13,10
40926610,11:22:6:610,48.13,100
40926610,11:22:6:610,48.13,200
40926611,11:22:6:611,48.13,100
40926611,11:22:6:611,48.13,100
40926611,11:22:6:611,48.13,100
40979746,11:22:59:746,48.14,10
41013538,11:23:33:538,48.14,200
41013539,11:23:33:539,48.14,100
41013539,11:23:33:539,48.14,100
41013539,11:23:33:539,48.14,400
41013540,11:23:33:540,48.14,100
41013540,11:23:33:540,48.14,100
41013591,11:23:33:591,48.145,10
41014315,11:23:34:315,48.14,100
41015517,11:23:35:517,48.14,1
41017525,11:23:37:525,48.14,1751
41034716,11:23:54:716,48.13,200
41043756,11:24:3:756,48.13,100
41047133,11:24:7:133,48.15,39
41047133,11:24:7:133,48.15,300
41047133,11:24:7:133,48.15,61
41047133,11:24:7:133,48.15,100
41047133,11:24:7:133,48.15,50
41047133,11:24:7:133,48.15,100
41047133,11:24:7:133,48.15,11
41050898,11:24:10:898,48.152,55
41064950,11:24:24:950,48.15,100
41100022,11:25:0:22,48.16,10
41100022,11:25:0:22,48.16,100
41100022,11:25:0:22,48.16,100
41100022,11:25:0:22,48.16,290
41100022,11:25:0:22,48.16,100
41108966,11:25:8:966,48.17,100
41115397,11:25:15:397,48.17,100
41116007,11:25:16:7,48.16,100
41116014,11:25:16:14,48.16,100
41116014,11:25:16:14,48.165,100
41116015,11:25:16:15,48.16,1
41116015,11:25:16:15,48.16,294
41116015,11:25:16:15,48.16,106
41116015,11:25:16:15,48.16,100
41116015,11:25:16:15,48.16,100
41116015,11:25:16:15,48.16,38
41116052,11:25:16:52,48.16,100
41116068,11:25:16:68,48.16,100
41116165,11:25:16:165,48.16,100
41156686,11:25:56:686,48.15,200
41160043,11:26:0:43,48.16,10
41173169,11:26:13:169,48.14,50
41220012,11:27:0:12,48.16,10
41224158,11:27:4:158,48.16,100
41224158,11:27:4:158,48.16,100
41224158,11:27:4:158,48.16,400
41224158,11:27:4:158,48.16,100
41224158,11:27:4:158,48.16,100
41224158,11:27:4:158,48.16,100
41224158,11:27:4:158,48.16,100
41224159,11:27:4:159,48.16,100
41224297,11:27:4:297,48.16,100
41233993,11:27:13:993,48.15,100
41234003,11:27:14:3,48.15,100
41234737,11:27:14:737,48.1501,1
41234741,11:27:14:741,48.15,1
41238102,11:27:18:102,48.15,149
41238102,11:27:18:102,48.15,100
41238102,11:27:18:102,48.15,151
41238102,11:27:18:102,48.15,100
41238102,11:27:18:102,48.155,100
41238102,11:27:18:102,48.15,100
41238102,11:27:18:102,48.15,100
41238102,11:27:18:102,48.155,100
41238102,11:27:18:102,48.15,100
41238102,11:27:18:102,48.15,10
41238109,11:27:18:109,48.15,100
41238136,11:27:18:136,48.15,100
41274433,11:27:54:433,48.15,100
41288999,11:28:8:999,48.14,100
41291255,11:28:11:255,48.14,54
41291255,11:28:11:255,48.14,135
41291256,11:28:11:256,48.14,100
41292488,11:28:12:488,48.14,1
41292488,11:28:12:488,48.14,9
41292543,11:28:12:543,48.14,100
41292543,11:28:12:543,48.15,267
41292544,11:28:12:544,48.14,100
41294281,11:28:14:281,48.14,100
41316858,11:28:36:858,48.1399,82
41326393,11:28:46:393,48.13,100
41329088,11:28:49:88,48.13,300
41329088,11:28:49:88,48.13,100
41329088,11:28:49:88,48.13,100
41329088,11:28:49:88,48.13,100
41329088,11:28:49:88,48.13,100
41329099,11:28:49:99,48.12,100
41329206,11:28:49:206,48.13,100
41334184,11:28:54:184,48.12,99
41334186,11:28:54:186,48.1235,97
41334201,11:28:54:201,48.12,100
41334206,11:28:54:206,48.12,1
41342402,11:29:2:402,48.12,100
41345166,11:29:5:166,48.13,100
41349722,11:29:9:722,48.12,100
41353067,11:29:13:67,48.12,100
41355002,11:29:15:2,48.12,100
41355002,11:29:15:2,48.12,2
41356637,11:29:16:637,48.12,100
41380751,11:29:40:751,48.12,19
41400228,11:30:0:228,48.11,100
41412830,11:30:12:830,48.11,460
41412831,11:30:12:831,48.11,55
41412831,11:30:12:831,48.11,10
41412865,11:30:12:865,48.11,100
41412865,11:30:12:865,48.11,35
41412865,11:30:12:865,48.11,14
41412938,11:30:12:938,48.11,10
41412939,11:30:12:939,48.11,5
41412942,11:30:12:942,48.11,20
41412942,11:30:12:942,48.11,5
41412946,11:30:12:946,48.11,5
41414178,11:30:14:178,48.11,100
41439436,11:30:39:436,48.1,100
41439436,11:30:39:436,48.1,110
41439436,11:30:39:436,48.1,54
41439436,11:30:39:436,48.1,100
41439436,11:30:39:436,48.1,100
41439437,11:30:39:437,48.1,100
41439437,11:30:39:437,48.1,100
41439438,11:30:39:438,48.1,100
41443741,11:30:43:741,48.1,100
41443755,11:30:43:755,48.1,100
41443755,11:30:43:755,48.1,100
41443756,11:30:43:756,48.095,3
41443756,11:30:43:756,48.1,97
41443756,11:30:43:756,48.1,3
41443767,11:30:43:767,48.1,100
41444162,11:30:44:162,48.1,100
41459507,11:30:59:507,48.0901,3
41460200,11:31:0:200,48.09,78
41480738,11:31:20:738,48.095,100
41480839,11:31:20:839,48.1,2
41482373,11:31:22:373,48.1367,200
41515675,11:31:55:675,48.095,10
41515678,11:31:55:678,48.1,1
41518864,11:31:58:864,48.09,6
41518864,11:31:58:864,48.09,100
41518864,11:31:58:864,48.09,101
41518864,11:31:58:864,48.09,100
41518864,11:31:58:864,48.09,1
41518866,11:31:58:866,48.09,100
41518866,11:31:58:866,48.09,100
41518879,11:31:58:879,48.09,100
41518933,11:31:58:933,48.08,100
41518985,11:31:58:985,48.09,100
41518992,11:31:58:992,48.09,100
41539529,11:32:19:529,48.09,100
41571098,11:32:51:98,48.09,100
41571098,11:32:51:98,48.09,100
41571098,11:32:51:98,48.09,100
41571099,11:32:51:99,48.09,100
41571115,11:32:51:115,48.09,100
41600127,11:33:20:127,48.08,100
41602342,11:33:22:342,48.0888,100
41610161,11:33:30:161,48.08,10
41610805,11:33:30:805,48.1,100
41610805,11:33:30:805,48.1,100
41610805,11:33:30:805,48.1,100
41610805,11:33:30:805,48.1,400
41610805,11:33:30:805,48.1,62
41610805,11:33:30:805,48.1,100
41610806,11:33:30:806,48.1,100
41610806,11:33:30:806,48.1,10
41610806,11:33:30:806,48.1,200
41610806,11:33:30:806,48.1,1
41610806,11:33:30:806,48.1,15
41610806,11:33:30:806,48.1,12
41610809,11:33:30:809,48.09,100
41623533,11:33:43:533,48.1,24
41623537,11:33:43:537,48.1,1
41623537,11:33:43:537,48.1,94
41623537,11:33:43:537,48.1,71
41623537,11:33:43:537,48.1,105
41623537,11:33:43:537,48.1,6
41668104,11:34:28:104,48.1044,280
41675650,11:34:35:650,48.11,100
41675650,11:34:35:650,48.11,100
41675650,11:34:35:650,48.11,195
41675650,11:34:35:650,48.11,5
41675650,11:34:35:650,48.11,11
41675660,11:34:35:660,48.11,100
41680367,11:34:40:367,48.12,100
41686281,11:34:46:281,48.11,2
41697677,11:34:57:677,48.11,100
41697677,11:34:57:677,48.11,300
41697677,11:34:57:677,48.11,1
41697678,11:34:57:678,48.11,100
41697678,11:34:57:678,48.11,100
41697678,11:34:57:678,48.11,100
41697684,11:34:57:684,48.11,100
41697684,11:34:57:684,48.11,100
41697755,11:34:57:755,48.11,100
41698581,11:34:58:581,48.11,500
41713908,11:35:13:908,48.105,100
41718466,11:35:18:466,48.11,4
41722375,11:35:22:375,48.1049,100
41735065,11:35:35:65,48.1,100
41735199,11:35:35:199,48.1,100
41742136,11:35:42:136,48.105,200
41773238,11:36:13:238,48.11,1
41773238,11:36:13:238,48.11,100
41773238,11:36:13:238,48.11,199
41773239,11:36:13:239,48.11,100
41773239,11:36:13:239,48.11,100
41773239,11:36:13:239,48.11,10
41773239,11:36:13:239,48.11,100
41773314,11:36:13:314,48.11,100
41776483,11:36:16:483,48.12,100
41776483,11:36:16:483,48.12,8
41776483,11:36:16:483,48.12,1
41776483,11:36:16:483,48.12,92
41776484,11:36:16:484,48.12,18
41776484,11:36:16:484,48.12,5
41782914,11:36:22:914,48.12,14
41782914,11:36:22:914,48.12,77
41782914,11:36:22:914,48.12,62
41782914,11:36:22:914,48.12,50
41810623,11:36:50:623,48.13,100
41810623,11:36:50:623,48.13,4
41810623,11:36:50:623,48.13,2
41810623,11:36:50:623,48.13,2
41812981,11:36:52:981,48.13,98
41812981,11:36:52:981,48.13,96
41830015,11:37:10:15,48.14,2
41856299,11:37:36:299,48.14,69
41873021,11:37:53:21,48.14,100
41873021,11:37:53:21,48.14,10
41873222,11:37:53:222,48.14,41
41873222,11:37:53:222,48.14,10
41873222,11:37:53:222,48.14,59
41873222,11:37:53:222,48.14,88
41875695,11:37:55:695,48.14,100
41875696,11:37:55:696,48.14,100
41875725,11:37:55:725,48.14,100
41878127,11:37:58:127,48.1401,8
41878467,11:37:58:467,48.14,100
41878467,11:37:58:467,48.14,100
41878467,11:37:58:467,48.14,100
41878467,11:37:58:467,48.14,300
41878467,11:37:58:467,48.14,18
41878467,11:37:58:467,48.14,1
41878469,11:37:58:469,48.13,100
41878469,11:37:58:469,48.135,100
41878470,11:37:58:470,48.13,100
41878470,11:37:58:470,48.13,100
41878471,11:37:58:471,48.13,100
41878471,11:37:58:471,48.13,100
41878477,11:37:58:477,48.13,100
41878579,11:37:58:579,48.13,100
41895855,11:38:15:855,48.12,100
41895855,11:38:15:855,48.12,69
41922996,11:38:42:996,48.13,300
41922996,11:38:42:996,48.13,5
41922997,11:38:42:997,48.13,95
41922997,11:38:42:997,48.13,100
41922997,11:38:42:997,48.13,50
41922997,11:38:42:997,48.13,12
41924768,11:38:44:768,48.14,100
41924863,11:38:44:863,48.14,100
41924863,11:38:44:863,48.14,100
41924863,11:38:44:863,48.14,100
41924863,11:38:44:863,48.15,100
41924863,11:38:44:863,48.15,100
41944356,11:39:4:356,48.14,20
41950264,11:39:10:264,48.1282,200
41965320,11:39:25:320,48.145,1
41965320,11:39:25:320,48.15,99
41965320,11:39:25:320,48.15,400
41965321,11:39:25:321,48.15,10
41965326,11:39:25:326,48.15,1
41984029,11:39:44:29,48.16,100
41984030,11:39:44:30,48.16,100
41992456,11:39:52:456,48.16,17
41995036,11:39:55:36,48.16,31
41999365,11:39:59:365,48.14,8
41999366,11:39:59:366,48.14,100
41999814,11:39:59:814,48.14,400
41999815,11:39:59:815,48.14,100
41999816,11:39:59:816,48.14,100
41999816,11:39:59:816,48.14,100
41999819,11:39:59:819,48.14,100
41999822,11:39:59:822,48.14,200
41999826,11:39:59:826,48.14,100
41999832,11:39:59:832,48.14,600
41999833,11:39:59:833,48.14,200
41999926,11:39:59:926,48.14,100
41999971,11:39:59:971,48.14,100
41999972,11:39:59:972,48.14,400
41999972,11:39:59:972,48.14,100
41999972,11:39:59:972,48.14,100
41999975,11:39:59:975,48.14,100
41999975,11:39:59:975,48.14,400
41999976,11:39:59:976,48.14,100
41999976,11:39:59:976,48.14,200
41999978,11:39:59:978,48.14,600
42000492,11:40:0:492,48.14,300
42000498,11:40:0:498,48.14,500
42000507,11:40:0:507,48.14,200
42000527,11:40:0:527,48.14,500
42000733,11:40:0:733,48.145,100
42001025,11:40:1:25,48.14,292
42001025,11:40:1:25,48.14,100
42001028,11:40:1:28,48.14,400
42001029,11:40:1:29,48.14,100
42001060,11:40:1:60,48.14,200
42001060,11:40:1:60,48.14,100
42001064,11:40:1:64,48.14,300
42001071,11:40:1:71,48.14,200
42001072,11:40:1:72,48.14,100
42001084,11:40:1:84,48.14,200
42001088,11:40:1:88,48.14,200
42001096,11:40:1:96,48.14,200
42001099,11:40:1:99,48.14,200
42001176,11:40:1:176,48.14,100
42001230,11:40:1:230,48.14,100
42002076,11:40:2:76,48.145,8800
42004830,11:40:4:830,48.145,8700
42004831,11:40:4:831,48.15,100
42004831,11:40:4:831,48.15,200
42004831,11:40:4:831,48.15,100
42004833,11:40:4:833,48.15,8
42007519,11:40:7:519,48.15,30
42008020,11:40:8:20,48.15,62
42010253,11:40:10:253,48.155,100
42013880,11:40:13:880,48.155,100
42015023,11:40:15:23,48.16,100
42015032,11:40:15:32,48.155,100
42015034,11:40:15:34,48.16,76
42015034,11:40:15:34,48.16,100
42015034,11:40:15:34,48.16,162
42015034,11:40:15:34,48.16,24
42015034,11:40:15:34,48.16,12
42015034,11:40:15:34,48.16,62
42015034,11:40:15:34,48.16,100
42015034,11:40:15:34,48.16,100
42015034,11:40:15:34,48.15,100
42015035,11:40:15:35,48.155,100
42015305,11:40:15:305,48.15,100
42015308,11:40:15:308,48.15,100
42015309,11:40:15:309,48.15,100
42015309,11:40:15:309,48.15,100
42015309,11:40:15:309,48.15,1800
42015309,11:40:15:309,48.15,100
42015310,11:40:15:310,48.15,100
42015310,11:40:15:310,48.15,200
42015312,11:40:15:312,48.15,200
42015371,11:40:15:371,48.15,100
42015488,11:40:15:488,48.15,100
42018955,11:40:18:955,48.145,100
42020285,11:40:20:285,48.145,300
42020759,11:40:20:759,48.14,200
42020759,11:40:20:759,48.14,100
42020759,11:40:20:759,48.14,100
42020759,11:40:20:759,48.14,100
42020759,11:40:20:759,48.14,1
42020765,11:40:20:765,48.14,100
42020771,11:40:20:771,48.14,100
42020879,11:40:20:879,48.14,100
42032772,11:40:32:772,48.13,100
42038075,11:40:38:75,48.13,100
42046038,11:40:46:38,48.14,100
42046038,11:40:46:38,48.14,62
42046038,11:40:46:38,48.14,100
42046038,11:40:46:38,48.14,38
42046038,11:40:46:38,48.14,800
42046039,11:40:46:39,48.14,62
42046039,11:40:46:39,48.14,100
42046039,11:40:46:39,48.14,100
42046051,11:40:46:51,48.145,100
42046052,11:40:46:52,48.14,100
42049564,11:40:49:564,48.13,100
42049685,11:40:49:685,48.13,100
42049692,11:40:49:692,48.13,100
42049764,11:40:49:764,48.13,100
42051271,11:40:51:271,48.13,1
42051274,11:40:51:274,48.13,10
42054464,11:40:54:464,48.12,100
42054468,11:40:54:468,48.12,100
42054469,11:40:54:469,48.12,300
42054472,11:40:54:472,48.12,100
42054472,11:40:54:472,48.12,200
42054472,11:40:54:472,48.12,100
42054473,11:40:54:473,48.125,100
42054473,11:40:54:473,48.12,200
42054473,11:40:54:473,48.12,100
42054474,11:40:54:474,48.12,100
42054576,11:40:54:576,48.1225,100
42054626,11:40:54:626,48.12,100
42057679,11:40:57:679,48.12,100
42058761,11:40:58:761,48.12,100
42058777,11:40:58:777,48.12,100
42058779,11:40:58:779,48.12,100
42058779,11:40:58:779,48.12,19
42058779,11:40:58:779,48.12,91
42074910,11:41:14:910,48.12,1
42086153,11:41:26:153,48.14,30000
42086154,11:41:26:154,48.12,399
42086154,11:41:26:154,48.12,200
42086154,11:41:26:154,48.12,1
42086154,11:41:26:154,48.12,99
42086158,11:41:26:158,48.13,100
42086158,11:41:26:158,48.13,789
42086158,11:41:26:158,48.13,100
42086158,11:41:26:158,48.13,100
42086161,11:41:26:161,48.13,100
42086162,11:41:26:162,48.13,100
42086164,11:41:26:164,48.13,100
42086164,11:41:26:164,48.13,100
42086167,11:41:26:167,48.1311,20
42086216,11:41:26:216,48.13,100
42086217,11:41:26:217,48.13,10
42086217,11:41:26:217,48.13,10
42086217,11:41:26:217,48.13,10
42090665,11:41:30:665,48.13,200
42094851,11:41:34:851,48.12,10
42094851,11:41:34:851,48.12,90
42094851,11:41:34:851,48.12,10
42116075,11:41:56:75,48.12,400
42116075,11:41:56:75,48.12,200
42116075,11:41:56:75,48.12,100
42121002,11:42:1:2,48.12,100
42125289,11:42:5:289,48.13,15
42143255,11:42:23:255,48.125,100
42143393,11:42:23:393,48.125,200
42145602,11:42:25:602,48.125,100
42145607,11:42:25:607,48.12,100
42145607,11:42:25:607,48.12,100
42145607,11:42:25:607,48.12,200
42145607,11:42:25:607,48.12,10
42145613,11:42:25:613,48.12,200
42145677,11:42:25:677,48.115,100
42145683,11:42:25:683,48.12,100
42158953,11:42:38:953,48.11,100
42159152,11:42:39:152,48.115,100
42179823,11:42:59:823,48.11,20
42196280,11:43:16:280,48.12,200
42196280,11:43:16:280,48.12,10
42196280,11:43:16:280,48.12,1
42196280,11:43:16:280,48.12,100
42196280,11:43:16:280,48.12,90
42196280,11:43:16:280,48.12,200
42199290,11:43:19:290,48.12,100
42211709,11:43:31:709,48.11,11
42216631,11:43:36:631,48.11,55
42216634,11:43:36:634,48.1101,55
42218090,11:43:38:90,48.11,10
42219591,11:43:39:591,48.11,1
42219591,11:43:39:591,48.11,8
42219591,11:43:39:591,48.11,35
42226308,11:43:46:308,48.11,100
42251327,11:44:11:327,48.11,100
42251327,11:44:11:327,48.11,1
42255240,11:44:15:240,48.11,100
42256344,11:44:16:344,48.11,100
42256345,11:44:16:345,48.11,100
42256345,11:44:16:345,48.11,100
42256345,11:44:16:345,48.11,7
42256345,11:44:16:345,48.11,11
42256345,11:44:16:345,48.11,11
42263589,11:44:23:589,48.1,400
42263589,11:44:23:589,48.1,100
42263600,11:44:23:600,48.1,100
42263602,11:44:23:602,48.1,200
42313288,11:45:13:288,48.12,2
42313288,11:45:13:288,48.12,100
42313288,11:45:13:288,48.12,98
42313288,11:45:13:288,48.12,162
42313288,11:45:13:288,48.12,100
42313288,11:45:13:288,48.12,100
42313288,11:45:13:288,48.12,100
42313288,11:45:13:288,48.12,100
42313288,11:45:13:288,48.12,100
42317385,11:45:17:385,48.13,100
42317386,11:45:17:386,48.13,100
42317386,11:45:17:386,48.13,5
42317386,11:45:17:386,48.13,95
42317386,11:45:17:386,48.13,5
42317386,11:45:17:386,48.13,95
42317444,11:45:17:444,48.14,100
42317444,11:45:17:444,48.14,38
42317444,11:45:17:444,48.14,100
42317444,11:45:17:444,48.14,100
42317444,11:45:17:444,48.14,200
42317444,11:45:17:444,48.14,62
42317444,11:45:17:444,48.14,62
42317444,11:45:17:444,48.14,100
42317444,11:45:17:444,48.14,100
42319346,11:45:19:346,48.14,1
42323387,11:45:23:387,48.14,100
42329943,11:45:29:943,48.15,100
42329943,11:45:29:943,48.15,600
42329944,11:45:29:944,48.15,100
42329944,11:45:29:944,48.15,62
42329944,11:45:29:944,48.15,50
42329986,11:45:29:986,48.15,100
42332107,11:45:32:107,48.16,200
42332108,11:45:32:108,48.16,1
42332108,11:45:32:108,48.16,99
42332108,11:45:32:108,48.16,1
42332108,11:45:32:108,48.16,100
42332108,11:45:32:108,48.16,3
42332108,11:45:32:108,48.16,97
42332108,11:45:32:108,48.16,100
42335124,11:45:35:124,48.16,67
42335124,11:45:35:124,48.16,33
42335261,11:45:35:261,48.165,100
42359591,11:45:59:591,48.165,1921
42360802,11:46:0:802,48.16,100
42373258,11:46:13:258,48.165,100
42388309,11:46:28:309,48.165,100
42391670,11:46:31:670,48.17,100
42391671,11:46:31:671,48.17,500
42391760,11:46:31:760,48.17,200
42396530,11:46:36:530,48.16,100
42396531,11:46:36:531,48.16,100
42396542,11:46:36:542,48.16,100
42396691,11:46:36:691,48.17,100
42396692,11:46:36:692,48.17,15
42396692,11:46:36:692,48.17,2
42396692,11:46:36:692,48.17,98
42398054,11:46:38:54,48.17,300
42398617,11:46:38:617,48.17,100
42417086,11:46:57:86,48.18,100
42417086,11:46:57:86,48.18,100
42429312,11:47:9:312,48.19,100
42429313,11:47:9:313,48.19,1
42429313,11:47:9:313,48.19,99
42429313,11:47:9:313,48.19,100
42442472,11:47:22:472,48.19,82
42452325,11:47:32:325,48.19,400
42452326,11:47:32:326,48.19,100
42452326,11:47:32:326,48.19,1
42452327,11:47:32:327,48.19,100
42452327,11:47:32:327,48.19,100
42452327,11:47:32:327,48.19,100
42452327,11:47:32:327,48.19,100
42452327,11:47:32:327,48.19,100
42452327,11:47:32:327,48.19,100
42452331,11:47:32:331,48.19,100
42452331,11:47:32:331,48.19,100
42452332,11:47:32:332,48.19,100
42452339,11:47:32:339,48.19,100
42452450,11:47:32:450,48.19,100
42455845,11:47:35:845,48.2,100
42455976,11:47:35:976,48.2,100
42455977,11:47:35:977,48.2,100
42462498,11:47:42:498,48.2,100
42467345,11:47:47:345,48.203,16
42487019,11:48:7:19,48.205,100
42494699,11:48:14:699,48.205,100
42494806,11:48:14:806,48.205,100
42495392,11:48:15:392,48.205,100
42495393,11:48:15:393,48.21,100
42495393,11:48:15:393,48.21,100
42495393,11:48:15:393,48.21,100
42495393,11:48:15:393,48.205,15
42495394,11:48:15:394,48.205,15
42495395,11:48:15:395,48.21,15
42495397,11:48:15:397,48.21,100
42502502,11:48:22:502,48.21,1
42506263,11:48:26:263,48.21,100
42507431,11:48:27:431,48.21,1
42509298,11:48:29:298,48.21,100
42509305,11:48:29:305,48.21,1200
42509306,11:48:29:306,48.21,884
42519880,11:48:39:880,48.22,100
42550228,11:49:10:228,48.1448,100
42550229,11:49:10:229,48.1448,100
42553293,11:49:13:293,48.22,100
42553293,11:49:13:293,48.22,100
42553293,11:49:13:293,48.22,100
42553312,11:49:13:312,48.23,100
42571286,11:49:31:286,48.22,30
42581436,11:49:41:436,48.22,122
42581436,11:49:41:436,48.22,78
42581436,11:49:41:436,48.22,70
42581437,11:49:41:437,48.22,1
42581443,11:49:41:443,48.22,200
42581504,11:49:41:504,48.22,100
42582222,11:49:42:222,48.22,25
42586581,11:49:46:581,48.22,100
42586582,11:49:46:582,48.22,200
42586582,11:49:46:582,48.22,100
42586860,11:49:46:860,48.2235,62
42602801,11:50:2:801,48.22,100
42603033,11:50:3:33,48.22,100
42603197,11:50:3:197,48.22,100
42603197,11:50:3:197,48.22,100
42603211,11:50:3:211,48.225,40
42643047,11:50:43:47,48.22,100
42654089,11:50:54:89,48.23,100
42654089,11:50:54:89,48.23,300
42654089,11:50:54:89,48.23,13
42658487,11:50:58:487,48.235,100
42670144,11:51:10:144,48.24,300
42670144,11:51:10:144,48.25,700
42670144,11:51:10:144,48.25,562
42670144,11:51:10:144,48.25,100
42670144,11:51:10:144,48.25,9
42670144,11:51:10:144,48.25,100
42670145,11:51:10:145,48.25,350
42670145,11:51:10:145,48.25,100
42670145,11:51:10:145,48.25,52
42670145,11:51:10:145,48.25,48
42670145,11:51:10:145,48.25,100
42670145,11:51:10:145,48.25,100
42670145,11:51:10:145,48.25,100
42670145,11:51:10:145,48.25,100
42670145,11:51:10:145,48.25,50
42670150,11:51:10:150,48.255,20
42670749,11:51:10:749,48.26,96
42670749,11:51:10:749,48.26,4
42670749,11:51:10:749,48.26,100
42670749,11:51:10:749,48.26,100
42670757,11:51:10:757,48.28,100
42670758,11:51:10:758,48.28,100
42670759,11:51:10:759,48.28,200
42670759,11:51:10:759,48.28,100
42670759,11:51:10:759,48.28,100
42670759,11:51:10:759,48.28,400
42670838,11:51:10:838,48.29,300
42670871,11:51:10:871,48.28,100
42670874,11:51:10:874,48.27,200
42670922,11:51:10:922,48.27,31
42670922,11:51:10:922,48.27,59
42670922,11:51:10:922,48.27,41
42670923,11:51:10:923,48.27,69
42670923,11:51:10:923,48.27,100
42670923,11:51:10:923,48.27,100
42670923,11:51:10:923,48.27,89
42670923,11:51:10:923,48.27,100
42670924,11:51:10:924,48.27,100
42670924,11:51:10:924,48.27,100
42670924,11:51:10:924,48.27,100
42670924,11:51:10:924,48.27,200
42670924,11:51:10:924,48.27,100
42670924,11:51:10:924,48.27,100
42670934,11:51:10:934,48.27,300
42670938,11:51:10:938,48.27,100
42671200,11:51:11:200,48.2461,100
42671202,11:51:11:202,48.2461,100
42671204,11:51:11:204,48.2461,100
42687711,11:51:27:711,48.285,200
42695614,11:51:35:614,48.2835,11
42706968,11:51:46:968,48.2863,24
42721564,11:52:1:564,48.285,10
42728342,11:52:8:342,48.29,84
42728342,11:52:8:342,48.29,16
42728342,11:52:8:342,48.29,5
42728342,11:52:8:342,48.29,55
42728342,11:52:8:342,48.29,100
42728342,11:52:8:342,48.29,40
42728342,11:52:8:342,48.29,16
42730484,11:52:10:484,48.305,100
42733216,11:52:13:216,48.305,100
42735404,11:52:15:404,48.3,100
42735404,11:52:15:404,48.3,196
42735405,11:52:15:405,48.3,100
42735405,11:52:15:405,48.3,100
42735405,11:52:15:405,48.3,100
42735405,11:52:15:405,48.3,100
42735405,11:52:15:405,48.3,100
42735405,11:52:15:405,48.3,29
42735411,11:52:15:411,48.3,200
42735490,11:52:15:490,48.3025,100
42756699,11:52:36:699,48.31,400
42756699,11:52:36:699,48.31,100
42756701,11:52:36:701,48.32,100
42772823,11:52:52:823,48.32,100
42776640,11:52:56:640,48.32,1
42776640,11:52:56:640,48.32,100
42776640,11:52:56:640,48.32,400
42776647,11:52:56:647,48.32,100
42779968,11:52:59:968,48.31,100
42809448,11:53:29:448,48.32,100
42809448,11:53:29:448,48.32,100
42838469,11:53:58:469,48.31,30
42881427,11:54:41:427,48.33,100
42890189,11:54:50:189,48.33,19
42890189,11:54:50:189,48.33,100
42890189,11:54:50:189,48.33,62
42890189,11:54:50:189,48.33,19
42890189,11:54:50:189,48.33,81
42890189,11:54:50:189,48.33,100
42890189,11:54:50:189,48.33,100
42898993,11:54:58:993,48.33,1
42899516,11:54:59:516,48.32,19
42900364,11:55:0:364,48.33,100
42900370,11:55:0:370,48.33,100
42909081,11:55:9:81,48.34,10
42926957,11:55:26:957,48.3399,273
42937411,11:55:37:411,48.34,100
42937411,11:55:37:411,48.34,100
42937411,11:55:37:411,48.34,100
42937412,11:55:37:412,48.34,11
42937412,11:55:37:412,48.34,100
42937412,11:55:37:412,48.34,280
42937413,11:55:37:413,48.35,100
42951015,11:55:51:15,48.36,100
42951015,11:55:51:15,48.36,100
42951017,11:55:51:17,48.36,100
42951017,11:55:51:17,48.35,100
42951017,11:55:51:17,48.36,100
42951026,11:55:51:26,48.37,100
42951027,11:55:51:27,48.36,100
42951028,11:55:51:28,48.37,100
42951043,11:55:51:43,48.36,100
42952534,11:55:52:534,48.36,500
42952535,11:55:52:535,48.36,100
43007014,11:56:47:14,48.35,300
43007014,11:56:47:14,48.35,100
43007014,11:56:47:14,48.35,26
43007014,11:56:47:14,48.35,1
43007014,11:56:47:14,48.35,58
43007015,11:56:47:15,48.34,200
43007015,11:56:47:15,48.34,100
43007015,11:56:47:15,48.34,16
43007015,11:56:47:15,48.34,84
43007015,11:56:47:15,48.34,100
43007015,11:56:47:15,48.34,100
43007021,11:56:47:21,48.35,100
43008301,11:56:48:301,48.33,100
43020950,11:57:0:950,48.33,100
43020950,11:57:0:950,48.33,100
43020950,11:57:0:950,48.33,100
43020950,11:57:0:950,48.33,91
43021096,11:57:1:96,48.33,100
43027501,11:57:7:501,48.32,100
43027502,11:57:7:502,48.32,100
43029402,11:57:9:402,48.32,10
43053602,11:57:33:602,48.32,14
43053602,11:57:33:602,48.32,100
43053602,11:57:33:602,48.32,100
43053602,11:57:33:602,48.32,100
43070441,11:57:50:441,48.32,100
43085667,11:58:5:667,48.32,2
43089737,11:58:9:737,48.31,100
43089737,11:58:9:737,48.31,7
43089737,11:58:9:737,48.31,100
43089737,11:58:9:737,48.31,100
43089744,11:58:9:744,48.31,100
43089746,11:58:9:746,48.3,100
43089762,11:58:9:762,48.3,190
43089851,11:58:9:851,48.31,100
43091398,11:58:11:398,48.31,100
43091553,11:58:11:553,48.3,20
43092230,11:58:12:230,48.3001,17
43096526,11:58:16:526,48.3,580
43096526,11:58:16:526,48.3,100
43104335,11:58:24:335,48.3,200
43106377,11:58:26:377,48.3,12
43111439,11:58:31:439,48.29,88
43115602,11:58:35:602,48.29,100
43115603,11:58:35:603,48.29,91
43115603,11:58:35:603,48.29,100
43115603,11:58:35:603,48.29,100
43118222,11:58:38:222,48.29,100
43118288,11:58:38:288,48.29,100
43118634,11:58:38:634,48.29,100
43118634,11:58:38:634,48.29,100
43149157,11:59:9:157,48.285,200
43150427,11:59:10:427,48.29,100
43188840,11:59:48:840,48.28,40
43188840,11:59:48:840,48.28,10
43188840,11:59:48:840,48.28,100
43188840,11:59:48:840,48.28,60
43188840,11:59:48:840,48.28,100
43188840,11:59:48:840,48.27,11
43188840,11:59:48:840,48.28,92
43188840,11:59:48:840,48.28,8
43188840,11:59:48:840,48.28,1
43188840,11:59:48:840,48.27,10
43188841,11:59:48:841,48.27,20
43188841,11:59:48:841,48.27,78
43188841,11:59:48:841,48.27,180
43188841,11:59:48:841,48.27,100
43188841,11:59:48:841,48.27,100
43188841,11:59:48:841,48.27,48
43188841,11:59:48:841,48.27,22
43188842,11:59:48:842,48.27,43
43188842,11:59:48:842,48.27,100
43188969,11:59:48:969,48.28,100
43188970,11:59:48:970,48.28,200
43194294,11:59:54:294,48.28,100
43194304,11:59:54:304,48.28,100
43194512,11:59:54:512,48.28,100
43194522,11:59:54:522,48.26,100
43202856,12:0:2:856,48.26,100
43202856,12:0:2:856,48.26,10
43202856,12:0:2:856,48.26,100
43202856,12:0:2:856,48.26,100
43205812,12:0:5:812,48.265,202
43208018,12:0:8:18,48.27,1
43208018,12:0:8:18,48.27,104
43212579,12:0:12:579,48.27,20
43220302,12:0:20:302,48.2977,200
43238776,12:0:38:776,48.28,100
43238776,12:0:38:776,48.28,100
43238776,12:0:38:776,48.28,20
43238776,12:0:38:776,48.28,108
43238776,12:0:38:776,48.28,52
43238787,12:0:38:787,48.29,100
43241017,12:0:41:17,48.285,100
43242419,12:0:42:419,48.2899,707
43247235,12:0:47:235,48.29,100
43247236,12:0:47:236,48.29,100
43247237,12:0:47:237,48.29,52
43248258,12:0:48:258,48.3,100
43256174,12:0:56:174,48.3,80
43261227,12:1:1:227,48.29,10
43265140,12:1:5:140,48.3,100
43265140,12:1:5:140,48.3,20
43267516,12:1:7:516,48.31,200
43267517,12:1:7:517,48.3,100
43271027,12:1:11:27,48.3,100
43271039,12:1:11:39,48.3,67
43271039,12:1:11:39,48.3,34
43271039,12:1:11:39,48.3,1
43271039,12:1:11:39,48.3,100
43271039,12:1:11:39,48.3,33
43328486,12:2:8:486,48.32,100
43379068,12:2:59:68,48.3,387
43379068,12:2:59:68,48.3,100
43379069,12:2:59:69,48.3,100
43379070,12:2:59:70,48.3,100
43379070,12:2:59:70,48.3,100
43379070,12:2:59:70,48.3,20
43379070,12:2:59:70,48.3,80
43379070,12:2:59:70,48.3,4
43379070,12:2:59:70,48.3,80
43379070,12:2:59:70,48.3,100
43379187,12:2:59:187,48.3,100
43386513,12:3:6:513,48.3,100
43386521,12:3:6:521,48.3,100
43386521,12:3:6:521,48.3,11
43386521,12:3:6:521,48.3,100
43386521,12:3:6:521,48.3,100
43386532,12:3:6:532,48.3,100
43386607,12:3:6:607,48.31,100
43386607,12:3:6:607,48.31,100
43386607,12:3:6:607,48.31,100
43386607,12:3:6:607,48.31,100
43386608,12:3:6:608,48.31,100
43386608,12:3:6:608,48.31,100
43386608,12:3:6:608,48.31,100
43386608,12:3:6:608,48.31,100
43386608,12:3:6:608,48.31,100
43386608,12:3:6:608,48.31,100
43386608,12:3:6:608,48.31,100
43447643,12:4:7:643,48.31,100
43447644,12:4:7:644,48.3,100
43447644,12:4:7:644,48.3,300
43447644,12:4:7:644,48.3,100
43447644,12:4:7:644,48.3,100
43447650,12:4:7:650,48.31,100
43447760,12:4:7:760,48.31,100
43447761,12:4:7:761,48.3,100
43447761,12:4:7:761,48.3,100
43447762,12:4:7:762,48.3,10
43447763,12:4:7:763,48.3,100
43470721,12:4:30:721,48.29,100
43477444,12:4:37:444,48.2996,100
43477445,12:4:37:445,48.2996,100
43482122,12:4:42:122,48.31,200
43482123,12:4:42:123,48.31,100
43482123,12:4:42:123,48.31,15
43496948,12:4:56:948,48.3,20
43497764,12:4:57:764,48.3196,100
43508519,12:5:8:519,48.32,100
43508519,12:5:8:519,48.32,100
43531490,12:5:31:490,48.33,100
43563629,12:6:3:629,48.32,100
43563631,12:6:3:631,48.32,100
43563631,12:6:3:631,48.32,200
43563631,12:6:3:631,48.32,100
43595729,12:6:35:729,48.32,100
43595729,12:6:35:729,48.32,100
43595729,12:6:35:729,48.32,100
43595730,12:6:35:730,48.31,26
43595730,12:6:35:730,48.31,100
43595730,12:6:35:730,48.31,74
43595838,12:6:35:838,48.32,100
43607221,12:6:47:221,48.307,8
43607708,12:6:47:708,48.3099,1
43612074,12:6:52:74,48.31,100
43612074,12:6:52:74,48.31,100
43612074,12:6:52:74,48.31,100
43626528,12:7:6:528,48.33,100
43643633,12:7:23:633,48.3299,42
43675860,12:7:55:860,48.33,13
43675861,12:7:55:861,48.33,87
43675861,12:7:55:861,48.33,100
43675861,12:7:55:861,48.33,11
43675861,12:7:55:861,48.33,13
43699968,12:8:19:968,48.321,100
43699980,12:8:19:980,48.321,100
43703565,12:8:23:565,48.325,200
43719042,12:8:39:42,48.33,300
43719348,12:8:39:348,48.319,100
43719349,12:8:39:349,48.319,100
43720320,12:8:40:320,48.34,100
43746588,12:9:6:588,48.34,50
43746589,12:9:6:589,48.34,50
43747760,12:9:7:760,48.34,92
43747760,12:9:7:760,48.34,192
43747760,12:9:7:760,48.34,8
43747761,12:9:7:761,48.34,8
43747761,12:9:7:761,48.34,62
