MsOfDay, Time,Price,Size
34201006,9:30:1:6,48.01,18749
34201380,9:30:1:380,48.01,4
34204083,9:30:4:83,48.01,366
34207861,9:30:7:861,48,1
34213788,9:30:13:788,48.1,100
34214424,9:30:14:424,48.1,82
34216388,9:30:16:388,48.1,4
34219236,9:30:19:236,48.1,5
34220021,9:30:20:21,48.01,56
34220021,9:30:20:21,48.01,56
34263069,9:31:3:69,48.02,100
34265007,9:31:5:7,48.07,25
34265007,9:31:5:7,48.07,25
34265007,9:31:5:7,48.07,75
34265007,9:31:5:7,48.07,25
34265007,9:31:5:7,48.07,7
34265007,9:31:5:7,48.07,93
34265007,9:31:5:7,48.07,7
34265007,9:31:5:7,48.07,93
34265007,9:31:5:7,48.08,7
34265008,9:31:5:8,48.08,93
34265008,9:31:5:8,48.07,100
34265008,9:31:5:8,48.09,57
34265008,9:31:5:8,48.07,100
34265008,9:31:5:8,48.07,100
34265008,9:31:5:8,48.07,100
34265008,9:31:5:8,48.07,100
34265008,9:31:5:8,48.07,100
34265008,9:31:5:8,48.07,75
34265008,9:31:5:8,48.08,100
34265014,9:31:5:14,48.08,100
34272871,9:31:12:871,48.09,100
34272871,9:31:12:871,48.09,43
34272872,9:31:12:872,48.09,100
34272872,9:31:12:872,48.09,100
34272872,9:31:12:872,48.09,100
34293937,9:31:33:937,48.03,1
34294103,9:31:34:103,48.085,1
34294248,9:31:34:248,48.085,1
34298018,9:31:38:18,48.03,4
34314388,9:31:54:388,48.06,100
34314388,9:31:54:388,48.045,100
34314388,9:31:54:388,48.05,300
34314414,9:31:54:414,48.03,94
34314414,9:31:54:414,48.03,6
34314414,9:31:54:414,48.03,100
34314416,9:31:54:416,48.03,94
34314416,9:31:54:416,48.02,100
34314417,9:31:54:417,48.03,100
34314419,9:31:54:419,48.055,200
34314420,9:31:54:420,48.05,300
34314422,9:31:54:422,48.03,200
34314425,9:31:54:425,48.03,300
34314426,9:31:54:426,48.05,300
34314824,9:31:54:824,48.04,100
34314886,9:31:54:886,48.03,100
34328011,9:32:8:11,48.04,100
34333887,9:32:13:887,48.025,100
34333898,9:32:13:898,48.04,200
34333898,9:32:13:898,48.05,100
34333899,9:32:13:899,48.05,100
34333899,9:32:13:899,48.05,200
34333899,9:32:13:899,48.05,100
34333899,9:32:13:899,48.05,100
34333899,9:32:13:899,48.05,400
34333901,9:32:13:901,48.05,100
34356383,9:32:36:383,48.01,1
34363877,9:32:43:877,48.0608,2081
34366564,9:32:46:564,48.0392,8
34384386,9:33:4:386,48.03,200
34393397,9:33:13:397,48.05,100
34393400,9:33:13:400,48.05,100
34393403,9:33:13:403,48.05,100
34395254,9:33:15:254,48.05,200
34395259,9:33:15:259,48,36
34395270,9:33:15:270,48.05,200
34395273,9:33:15:273,48.0125,100
34395273,9:33:15:273,48.025,100
34395274,9:33:15:274,48.01,100
34395274,9:33:15:274,48.01,5
34395286,9:33:15:286,48,95
34395434,9:33:15:434,48.05,200
34395442,9:33:15:442,48.05,100
34395452,9:33:15:452,48.05,100
34395471,9:33:15:471,48.05,200
34396565,9:33:16:565,48.05,200
34396576,9:33:16:576,48.05,1400
34401566,9:33:21:566,48.05,1
34404790,9:33:24:790,48.03,25
34405267,9:33:25:267,48.05,7
34409725,9:33:29:725,48.01,1
34421943,9:33:41:943,48.01,1
34422344,9:33:42:344,48.05,1
34422532,9:33:42:532,48.04,10
34422543,9:33:42:543,48.05,400
34422547,9:33:42:547,48.05,300
34425286,9:33:45:286,48.05,100
34426277,9:33:46:277,48.04,100
34426399,9:33:46:399,48.05,100
34432231,9:33:52:231,48.0425,100
34438322,9:33:58:322,48.04,6
34438322,9:33:58:322,48.04,94
34438323,9:33:58:323,48.02,94
34438323,9:33:58:323,48.02,6
34438331,9:33:58:331,48.04,100
34438598,9:33:58:598,48.015,300
34438598,9:33:58:598,48.015,100
34438835,9:33:58:835,48.03,100
34440172,9:34:0:172,48.0225,200
34440223,9:34:0:223,48.03,100
34440279,9:34:0:279,48.03,100
34441585,9:34:1:585,48.03,208
34441585,9:34:1:585,48.03,592
34441586,9:34:1:586,48.03,100
34441586,9:34:1:586,48.03,100
34441586,9:34:1:586,48.03,100
34441586,9:34:1:586,48.04,100
34441586,9:34:1:586,48.04,100
34441586,9:34:1:586,48.03,100
34441586,9:34:1:586,48.03,200
34441587,9:34:1:587,48.04,150
34441588,9:34:1:588,48.04,99
34441589,9:34:1:589,48.04,62
34441589,9:34:1:589,48.04,38
34442103,9:34:2:103,48.01,1
34442942,9:34:2:942,48.05,300
34442943,9:34:2:943,48.05,100
34442944,9:34:2:944,48.06,12
34442944,9:34:2:944,48.05,100
34442944,9:34:2:944,48.06,200
34442945,9:34:2:945,48.06,100
34442945,9:34:2:945,48.06,100
34442948,9:34:2:948,48.06,400
34442950,9:34:2:950,48.06,100
34442954,9:34:2:954,48.055,200
34443144,9:34:3:144,48.055,100
34443179,9:34:3:179,48.06,100
34446173,9:34:6:173,48.06,100
34446284,9:34:6:284,48.06,100
34448869,9:34:8:869,48.06,200
34451254,9:34:11:254,48.07,100
34451262,9:34:11:262,48.07,100
34451370,9:34:11:370,48.07,100
34451376,9:34:11:376,48.07,100
34451377,9:34:11:377,48.07,100
34451377,9:34:11:377,48.08,100
34451377,9:34:11:377,48.08,100
34451377,9:34:11:377,48.06,100
34451377,9:34:11:377,48.07,100
34451377,9:34:11:377,48.06,100
34451377,9:34:11:377,48.06,100
34451378,9:34:11:378,48.07,100
34454009,9:34:14:9,48.08,100
34458530,9:34:18:530,48.085,100
34458654,9:34:18:654,48.08,100
34459064,9:34:19:64,48.0628,3
34459096,9:34:19:96,48.065,100
34459103,9:34:19:103,48.065,300
34459120,9:34:19:120,48.065,100
34459334,9:34:19:334,48.07,100
34459334,9:34:19:334,48.07,100
34471729,9:34:31:729,48.04,100
34471731,9:34:31:731,48.04,100
34471732,9:34:31:732,48.04,100
34471732,9:34:31:732,48.04,100
34471732,9:34:31:732,48.05,100
34471732,9:34:31:732,48.05,100
34471733,9:34:31:733,48.04,100
34471738,9:34:31:738,48.05,300
34471752,9:34:31:752,48.05,100
34476560,9:34:36:560,48.05,100
34481907,9:34:41:907,48.06,100
34482215,9:34:42:215,48.05,100
34483135,9:34:43:135,48.06,100
34483274,9:34:43:274,48.06,100
34483276,9:34:43:276,48.06,300
34483276,9:34:43:276,48.06,100
34483276,9:34:43:276,48.06,100
34485784,9:34:45:784,48.07,100
34485795,9:34:45:795,48.07,100
34485795,9:34:45:795,48.07,100
34485795,9:34:45:795,48.07,100
34486583,9:34:46:583,48.07,100
34486583,9:34:46:583,48.07,100
34486583,9:34:46:583,48.07,100
34486583,9:34:46:583,48.07,100
34486584,9:34:46:584,48.06,100
34486584,9:34:46:584,48.06,100
34486589,9:34:46:589,48.06,300
34488493,9:34:48:493,48.05,100
34489786,9:34:49:786,48.05,100
34489951,9:34:49:951,48.05,100
34499665,9:34:59:665,48.06,200
34499666,9:34:59:666,48.07,8
34499666,9:34:59:666,48.07,100
34499666,9:34:59:666,48.06,100
34501053,9:35:1:53,48.08,200
34501054,9:35:1:54,48.08,100
34501054,9:35:1:54,48.08,100
34501054,9:35:1:54,48.08,300
34504561,9:35:4:561,48.08,100
34504561,9:35:4:561,48.08,100
34504583,9:35:4:583,48.08,100
34506708,9:35:6:708,48.08,100
34506750,9:35:6:750,48.08,100
34506750,9:35:6:750,48.08,100
34506751,9:35:6:751,48.08,100
34506751,9:35:6:751,48.08,100
34508652,9:35:8:652,48.08,100
34508652,9:35:8:652,48.08,100
34508653,9:35:8:653,48.08,100
34508653,9:35:8:653,48.08,100
34508653,9:35:8:653,48.08,100
34508653,9:35:8:653,48.08,100
34508653,9:35:8:653,48.08,100
34508654,9:35:8:654,48.08,100
34508655,9:35:8:655,48.08,100
34508662,9:35:8:662,48.08,100
34510702,9:35:10:702,48.08,200
34512043,9:35:12:43,48.075,300
34512057,9:35:12:57,48.075,100
34512151,9:35:12:151,48.075,100
34513571,9:35:13:571,48.08,100
34513571,9:35:13:571,48.08,200
34513937,9:35:13:937,48.08,100
34515232,9:35:15:232,48.09,100
34515232,9:35:15:232,48.09,100
34519382,9:35:19:382,48.09,200
34519382,9:35:19:382,48.09,100
34520717,9:35:20:717,48.09,300
34520731,9:35:20:731,48.09,100
34520886,9:35:20:886,48.09,400
34520916,9:35:20:916,48.09,100
34522702,9:35:22:702,48.0801,200
34522714,9:35:22:714,48.09,200
34522757,9:35:22:757,48.09,200
34522760,9:35:22:760,48.09,100
34522774,9:35:22:774,48.09,200
34522775,9:35:22:775,48.1,221
34522775,9:35:22:775,48.1,100
34523210,9:35:23:210,48.09,200
34523357,9:35:23:357,48.095,100
34523362,9:35:23:362,48.0807,100
34523430,9:35:23:430,48.095,100
34523434,9:35:23:434,48.0807,100
34523459,9:35:23:459,48.095,100
34523464,9:35:23:464,48.0807,100
34523529,9:35:23:529,48.095,100
34523533,9:35:23:533,48.0807,100
34523570,9:35:23:570,48.095,200
34523574,9:35:23:574,48.0807,200
34523904,9:35:23:904,48.095,300
34523932,9:35:23:932,48.095,200
34524002,9:35:24:2,48.095,200
34525076,9:35:25:76,48.08,200
34525078,9:35:25:78,48.08,200
34525079,9:35:25:79,48.08,100
34525082,9:35:25:82,48.08,200
34527611,9:35:27:611,48.11,100
34559390,9:35:59:390,48.06,100
34559390,9:35:59:390,48.06,100
34559391,9:35:59:391,48.06,100
34559392,9:35:59:392,48.04,100
34559392,9:35:59:392,48.06,40
34559393,9:35:59:393,48.06,100
34559393,9:35:59:393,48.06,100
34559394,9:35:59:394,48.05,100
34559394,9:35:59:394,48.05,100
34559399,9:35:59:399,48.05,200
34561384,9:36:1:384,48.06,200
34561403,9:36:1:403,48.04,21
34561403,9:36:1:403,48.04,78
34561403,9:36:1:403,48.06,60
34561403,9:36:1:403,48.04,1
34561405,9:36:1:405,48.05,121
34562601,9:36:2:601,48.05,100
34563177,9:36:3:177,48.045,100
34564248,9:36:4:248,48.05,200
34564248,9:36:4:248,48.05,100
34564248,9:36:4:248,48.03,21
34564249,9:36:4:249,48.03,100
34564249,9:36:4:249,48.03,79
34564506,9:36:4:506,48.04,100
34565076,9:36:5:76,48.04,100
34566462,9:36:6:462,48.04,100
34567038,9:36:7:38,48.04,100
34568154,9:36:8:154,48.04,300
34571504,9:36:11:504,48.035,100
34573182,9:36:13:182,48.05,100
34573361,9:36:13:361,48.05,100
34573997,9:36:13:997,48.04,100
34573997,9:36:13:997,48.04,100
34574000,9:36:14:0,48.04,100
34574003,9:36:14:3,48.04,100
34574298,9:36:14:298,48.05,100
34574364,9:36:14:364,48.05,800
34574364,9:36:14:364,48.05,100
34574364,9:36:14:364,48.05,100
34574364,9:36:14:364,48.05,100
34575177,9:36:15:177,48.05,100
34576919,9:36:16:919,48.05,300
34576919,9:36:16:919,48.05,198
34576919,9:36:16:919,48.05,2
34576919,9:36:16:919,48.04,75
34576919,9:36:16:919,48.04,5
34576919,9:36:16:919,48.04,198
34576953,9:36:16:953,48.055,100
34577056,9:36:17:56,48.05,100
34577600,9:36:17:600,48.05,100
34577600,9:36:17:600,48.05,100
34577600,9:36:17:600,48.05,100
34577604,9:36:17:604,48.06,100
34577604,9:36:17:604,48.06,200
34583806,9:36:23:806,48.07,300
34583806,9:36:23:806,48.07,200
34585045,9:36:25:45,48.07,200
34585049,9:36:25:49,48.0675,200
34585724,9:36:25:724,48.07,100
34585726,9:36:25:726,48.08,150
34588869,9:36:28:869,48.08,48
34588869,9:36:28:869,48.08,100
34588869,9:36:28:869,48.08,100
34588910,9:36:28:910,48.08,20
34592088,9:36:32:88,48.075,100
34592153,9:36:32:153,48.07,100
34593454,9:36:33:454,48.08,200
34593460,9:36:33:460,48.08,100
34593469,9:36:33:469,48.08,100
34593469,9:36:33:469,48.08,10
34594560,9:36:34:560,48.075,400
34594562,9:36:34:562,48.075,300
34594569,9:36:34:569,48.075,400
34595696,9:36:35:696,48.075,200
34595700,9:36:35:700,48.075,100
34595701,9:36:35:701,48.075,200
34595701,9:36:35:701,48.075,200
34595708,9:36:35:708,48.075,200
34595717,9:36:35:717,48.075,200
34595723,9:36:35:723,48.075,100
34595815,9:36:35:815,48.075,100
34595904,9:36:35:904,48.075,100
34597860,9:36:37:860,48.075,200
34597864,9:36:37:864,48.075,100
34597864,9:36:37:864,48.075,100
34600831,9:36:40:831,48.07,848
34625671,9:37:5:671,48.055,1500
34635108,9:37:15:108,48.04,100
34635111,9:37:15:111,48.04,100
34635114,9:37:15:114,48.05,100
34635115,9:37:15:115,48.04,100
34639191,9:37:19:191,48.06,29
34644985,9:37:24:985,48.05,100
34646932,9:37:26:932,48.05,100
34648020,9:37:28:20,48.04,100
34648020,9:37:28:20,48.04,101
34648032,9:37:28:32,48.04,100
34648033,9:37:28:33,48.04,100
34648035,9:37:28:35,48.04,200
34650030,9:37:30:30,48.04,100
34651743,9:37:31:743,48.04,100
34653255,9:37:33:255,48.03,200
34653255,9:37:33:255,48.03,100
34653255,9:37:33:255,48.03,100
34653255,9:37:33:255,48.03,100
34653255,9:37:33:255,48.03,100
34653255,9:37:33:255,48.03,100
34653256,9:37:33:256,48.03,100
34653870,9:37:33:870,48.03,100
34655008,9:37:35:8,48.03,100
34655782,9:37:35:782,48.03,100
34655782,9:37:35:782,48.03,100
34655782,9:37:35:782,48.03,200
34655782,9:37:35:782,48.03,100
34655786,9:37:35:786,48.04,100
34655786,9:37:35:786,48.04,100
34655786,9:37:35:786,48.04,300
34655788,9:37:35:788,48.04,100
34657086,9:37:37:86,48.05,100
34658343,9:37:38:343,48.05,100
34658344,9:37:38:344,48.05,200
34658528,9:37:38:528,48.06,300
34663193,9:37:43:193,48.06,100
34663458,9:37:43:458,48.06,100
34665506,9:37:45:506,48.07,100
34665506,9:37:45:506,48.07,100
34665507,9:37:45:507,48.06,100
34666312,9:37:46:312,48.06,200
34666947,9:37:46:947,48.06,300
34667278,9:37:47:278,48.07,100
34667278,9:37:47:278,48.07,100
34670826,9:37:50:826,48.07,50
34670827,9:37:50:827,48.07,50
34671648,9:37:51:648,48.07,100
34677138,9:37:57:138,48.07,100
34677688,9:37:57:688,48.07,2100
34678168,9:37:58:168,48.07,800
34679810,9:37:59:810,48.07,100
34693643,9:38:13:643,48.04,100
34693644,9:38:13:644,48.03,400
34693654,9:38:13:654,48.04,100
34693666,9:38:13:666,48.01,100
34693667,9:38:13:667,48.01,100
34693667,9:38:13:667,48.01,100
34697603,9:38:17:603,47.99,817
34697604,9:38:17:604,47.99,100
34697604,9:38:17:604,47.98,100
34697607,9:38:17:607,47.98,100
34697608,9:38:17:608,47.99,79
34697609,9:38:17:609,47.98,200
34697610,9:38:17:610,47.98,200
34697614,9:38:17:614,47.99,100
34697651,9:38:17:651,47.99,100
34697651,9:38:17:651,47.99,100
34697651,9:38:17:651,47.99,300
34697985,9:38:17:985,47.99,300
34700102,9:38:20:102,47.98,100
34700102,9:38:20:102,47.99,100
34700102,9:38:20:102,47.99,100
34700102,9:38:20:102,47.98,100
34700102,9:38:20:102,47.98,100
34700103,9:38:20:103,47.98,100
34700107,9:38:20:107,47.98,100
34700107,9:38:20:107,47.98,10
34700123,9:38:20:123,47.99,100
34700123,9:38:20:123,47.99,100
34700123,9:38:20:123,47.99,100
34701123,9:38:21:123,47.99,100
34702741,9:38:22:741,48.01,200
34705640,9:38:25:640,48.02,100
34705640,9:38:25:640,48.01,46
34705640,9:38:25:640,48.02,100
34705642,9:38:25:642,48.01,46
34705879,9:38:25:879,48.03,100
34705879,9:38:25:879,48.03,100
34705879,9:38:25:879,48.03,100
34705879,9:38:25:879,48.03,100
34705880,9:38:25:880,48.03,100
34705958,9:38:25:958,48.02,100
34709966,9:38:29:966,48.015,100
34709966,9:38:29:966,48.015,100
34709970,9:38:29:970,48.0198,100
34709970,9:38:29:970,48.0198,100
34710099,9:38:30:99,48.015,100
34710103,9:38:30:103,48.0198,100
34712246,9:38:32:246,48.04,100
34728110,9:38:48:110,48.04,100
34728110,9:38:48:110,48.04,100
34728110,9:38:48:110,48.04,200
34728111,9:38:48:111,48.04,100
34728184,9:38:48:184,48.04,100
34728185,9:38:48:185,48.04,100
34730700,9:38:50:700,48.05,200
34735278,9:38:55:278,48.05,1300
34747796,9:39:7:796,48.02,14
34747796,9:39:7:796,48.02,86
34747796,9:39:7:796,48.02,100
34747797,9:39:7:797,48.02,100
34747797,9:39:7:797,48.01,100
34747797,9:39:7:797,48.01,100
34747797,9:39:7:797,48.01,100
34747797,9:39:7:797,48.01,100
34747798,9:39:7:798,48.02,100
34747800,9:39:7:800,47.99,4
34751991,9:39:11:991,48.02,200
34751991,9:39:11:991,48.02,100
34751991,9:39:11:991,48.02,200
34751991,9:39:11:991,48.02,100
34751991,9:39:11:991,48.02,100
34752001,9:39:12:1,48.03,100
34752001,9:39:12:1,48.03,100
34752001,9:39:12:1,48.03,100
34756806,9:39:16:806,48.03,87
34756806,9:39:16:806,48.03,13
34756832,9:39:16:832,48.03,100
34756833,9:39:16:833,48.03,100
34756834,9:39:16:834,48.03,100
34756835,9:39:16:835,48.03,100
34756837,9:39:16:837,48.03,200
34756838,9:39:16:838,48.03,200
34756839,9:39:16:839,48.03,100
34756839,9:39:16:839,48.03,100
34756839,9:39:16:839,48.03,100
34757161,9:39:17:161,48.03,100
34760507,9:39:20:507,48.03,200
34760508,9:39:20:508,48.03,100
34761209,9:39:21:209,48.04,400
34764263,9:39:24:263,48.03,100
34764281,9:39:24:281,48.04,100
34764282,9:39:24:282,48.04,100
34764294,9:39:24:294,48.04,79
34764294,9:39:24:294,48.04,21
34764294,9:39:24:294,48.04,100
34766878,9:39:26:878,48.04,100
34767038,9:39:27:38,48.04,100
34768039,9:39:28:39,48.04,100
34768039,9:39:28:39,48.05,100
34768039,9:39:28:39,48.05,100
34773524,9:39:33:524,48.03,100
34779944,9:39:39:944,48.04,50
34779944,9:39:39:944,48.04,250
34779944,9:39:39:944,48.04,100
34779944,9:39:39:944,48.05,50
34779944,9:39:39:944,48.05,50
34779945,9:39:39:945,48.05,62
34779945,9:39:39:945,48.05,16
34779945,9:39:39:945,48.05,84
34779945,9:39:39:945,48.05,100
34779945,9:39:39:945,48.05,137
34783578,9:39:43:578,48.05,200
34783819,9:39:43:819,48.04,25000
34786235,9:39:46:235,48.05,100
34786235,9:39:46:235,48.05,200
34792347,9:39:52:347,48.06,200
34793148,9:39:53:148,48.06,200
34793174,9:39:53:174,48.07,300
34793175,9:39:53:175,48.07,100
34795923,9:39:55:923,48.07,1200
34798987,9:39:58:987,48.07,200
34802374,9:40:2:374,48.07,700
34815345,9:40:15:345,48.03,17
34815345,9:40:15:345,48.03,100
34815346,9:40:15:346,48.03,295
34815346,9:40:15:346,48.03,100
34815346,9:40:15:346,48.03,100
34815346,9:40:15:346,48.03,100
34815346,9:40:15:346,48.03,100
34815346,9:40:15:346,48.03,100
34815346,9:40:15:346,48.03,100
34815346,9:40:15:346,48.03,100
34815346,9:40:15:346,48.03,100
34815346,9:40:15:346,48.03,83
34815346,9:40:15:346,48.03,100
34815346,9:40:15:346,48.03,100
34815346,9:40:15:346,48.03,100
34815347,9:40:15:347,48.03,100
34815347,9:40:15:347,48.03,100
34815347,9:40:15:347,48.04,100
34815347,9:40:15:347,48.04,100
34815351,9:40:15:351,48.03,462
34815371,9:40:15:371,48.03,200
34815382,9:40:15:382,48.03,100
34815382,9:40:15:382,48.03,100
34815382,9:40:15:382,48.03,200
34815382,9:40:15:382,48.03,100
34815382,9:40:15:382,48.03,200
34815920,9:40:15:920,48.03,200
34815920,9:40:15:920,48.03,100
34820068,9:40:20:68,48.03,100
34820069,9:40:20:69,48.03,100
34820119,9:40:20:119,48.03,100
34820143,9:40:20:143,48.03,100
34824945,9:40:24:945,48.03,100
34824961,9:40:24:961,48.03,100
34824962,9:40:24:962,48.03,100
34825977,9:40:25:977,48.03,100
34827381,9:40:27:381,48.03,100
34827382,9:40:27:382,48.03,100
34829421,9:40:29:421,48.035,200
34831333,9:40:31:333,48.03,100
34831333,9:40:31:333,48.03,100
34831333,9:40:31:333,48.04,100
34831333,9:40:31:333,48.04,100
34831333,9:40:31:333,48.04,100
34846075,9:40:46:75,48.05,100
34846084,9:40:46:84,48.05,100
34846084,9:40:46:84,48.05,100
34846087,9:40:46:87,48.05,100
34849948,9:40:49:948,48.05,100
34849952,9:40:49:952,48.05,100
34850095,9:40:50:95,48.05,300
34850095,9:40:50:95,48.05,200
34852258,9:40:52:258,48.05,100
34852264,9:40:52:264,48.05,200
34853194,9:40:53:194,48.05,100
34853369,9:40:53:369,48.05,100
34855988,9:40:55:988,48.05,200
34857079,9:40:57:79,48.07,200
34857319,9:40:57:319,48.07,100
34858342,9:40:58:342,48.08,100
34858342,9:40:58:342,48.08,100
34858342,9:40:58:342,48.08,100
34858342,9:40:58:342,48.08,300
34858345,9:40:58:345,48.09,65
34858397,9:40:58:397,48.08,200
34861336,9:41:1:336,48.08,100
34861336,9:41:1:336,48.08,100
34861586,9:41:1:586,48.08,200
34862977,9:41:2:977,48.09,100
34862977,9:41:2:977,48.09,100
34862977,9:41:2:977,48.09,235
34863040,9:41:3:40,48.09,65
34863565,9:41:3:565,48.08,100
34864543,9:41:4:543,48.09,100
34864543,9:41:4:543,48.09,100
34864544,9:41:4:544,48.09,135
34867002,9:41:7:2,48.09,184
34867008,9:41:7:8,48.09,100
34867021,9:41:7:21,48.09,16
34867021,9:41:7:21,48.08,84
34867021,9:41:7:21,48.08,216
34867023,9:41:7:23,48.07,100
34867644,9:41:7:644,48.07,1000
34867645,9:41:7:645,48.07,100
34872493,9:41:12:493,48.05,200
34873069,9:41:13:69,48.06,500
34875858,9:41:15:858,48.07,2000
34875864,9:41:15:864,48.07,2535
34882008,9:41:22:8,48.06,2
34910224,9:41:50:224,48.04,66
34917806,9:41:57:806,48.04,100
34917815,9:41:57:815,48.04,200
34917819,9:41:57:819,48.04,100
34918141,9:41:58:141,48.03,30
34918141,9:41:58:141,48.03,100
34918141,9:41:58:141,48.03,100
34918141,9:41:58:141,48.03,100
34918141,9:41:58:141,48.03,98
34918141,9:41:58:141,48.03,100
34918141,9:41:58:141,48.03,100
34918141,9:41:58:141,48.03,100
34918142,9:41:58:142,48.03,100
34918142,9:41:58:142,48.03,100
34918143,9:41:58:143,48.03,100
34918143,9:41:58:143,48.03,100
34918144,9:41:58:144,48.03,100
34918144,9:41:58:144,48.03,100
34918163,9:41:58:163,48.03,100
34918163,9:41:58:163,48.03,100
34918164,9:41:58:164,48.03,100
34918164,9:41:58:164,48.03,100
34918167,9:41:58:167,48.04,200
34918167,9:41:58:167,48.04,100
34918167,9:41:58:167,48.04,100
34922179,9:42:2:179,48.03,100
34922179,9:42:2:179,48.03,100
34922181,9:42:2:181,48.03,100
34922181,9:42:2:181,48.03,100
34923207,9:42:3:207,48.03,100
34923207,9:42:3:207,48.03,100
34923207,9:42:3:207,48.03,100
34923207,9:42:3:207,48.03,100
34923208,9:42:3:208,48.03,100
34926114,9:42:6:114,48.03,100
34928964,9:42:8:964,48.03,100
34930068,9:42:10:68,48.03,100
34934359,9:42:14:359,48.03,100
34934368,9:42:14:368,48.03,100
34934378,9:42:14:378,48.04,100
34934379,9:42:14:379,48.04,100
34935013,9:42:15:13,48.04,100
34935014,9:42:15:14,48.035,100
34935017,9:42:15:17,48.035,100
34935020,9:42:15:20,48.035,100
34935024,9:42:15:24,48.035,100
34935027,9:42:15:27,48.035,100
34935141,9:42:15:141,48.0375,100
34935231,9:42:15:231,48.0375,100
34935359,9:42:15:359,48.04,100
34935545,9:42:15:545,48.03,5
34935548,9:42:15:548,48.035,600
34941127,9:42:21:127,48.03,67
34942909,9:42:22:909,48.03,100
34942915,9:42:22:915,48.03,100
34942915,9:42:22:915,48.03,100
34942915,9:42:22:915,48.03,1600
34942915,9:42:22:915,48.03,100
34942918,9:42:22:918,48.03,100
34942918,9:42:22:918,48.04,100
34942918,9:42:22:918,48.04,100
34942922,9:42:22:922,48.03,100
34942922,9:42:22:922,48.03,200
34943225,9:42:23:225,48.04,200
34946956,9:42:26:956,48.035,200
34948028,9:42:28:28,48.04,100
34948165,9:42:28:165,48.04,100
34948174,9:42:28:174,48.04,100
34948176,9:42:28:176,48.04,100
34948177,9:42:28:177,48.05,100
34948177,9:42:28:177,48.05,300
34949747,9:42:29:747,48.05,200
34949748,9:42:29:748,48.06,202
34949748,9:42:29:748,48.06,100
34949748,9:42:29:748,48.06,298
34949748,9:42:29:748,48.06,100
34949748,9:42:29:748,48.06,100
34949748,9:42:29:748,48.06,100
34953390,9:42:33:390,48.0626,633
34953635,9:42:33:635,48.06,400
34953635,9:42:33:635,48.06,100
34953659,9:42:33:659,48.06,100
34954172,9:42:34:172,48.06,200
34954172,9:42:34:172,48.06,100
34954172,9:42:34:172,48.06,100
34954172,9:42:34:172,48.06,100
34954172,9:42:34:172,48.06,100
34954206,9:42:34:206,48.06,100
34954825,9:42:34:825,48.06,100
34956416,9:42:36:416,48.06,100
34958638,9:42:38:638,48.06,100
34958790,9:42:38:790,48.06,300
34961012,9:42:41:12,48.05,300
34961012,9:42:41:12,48.05,200
34961013,9:42:41:13,48.05,495
34961013,9:42:41:13,48.05,5
34961499,9:42:41:499,48.06,100
34961499,9:42:41:499,48.06,100
34961499,9:42:41:499,48.06,100
34961500,9:42:41:500,48.06,100
34961525,9:42:41:525,48.06,100
34963294,9:42:43:294,48.06,100
34963316,9:42:43:316,48.06,100
34963316,9:42:43:316,48.06,100
34963317,9:42:43:317,48.06,100
34963432,9:42:43:432,48.06,300
34964139,9:42:44:139,48.07,100
34964139,9:42:44:139,48.07,300
34966305,9:42:46:305,48.07,100
34967965,9:42:47:965,48.07,100
34967966,9:42:47:966,48.07,300
34970148,9:42:50:148,48.07,2000
34970193,9:42:50:193,48.07,1200
34970215,9:42:50:215,48.07,3000
34970673,9:42:50:673,48.0454,100
34971030,9:42:51:30,48.07,100
34972683,9:42:52:683,48.05,100
34979352,9:42:59:352,48.05,100
34979357,9:42:59:357,48.05,100
34980856,9:43:0:856,48.06,100
34981898,9:43:1:898,48.05,100
34981906,9:43:1:906,48.055,100
34982998,9:43:2:998,48.06,103
34983926,9:43:3:926,48.06,700
34984417,9:43:4:417,48.06,500
34986091,9:43:6:91,48.04,100
34986113,9:43:6:113,48.04,100
34986195,9:43:6:195,48.04,200
34986965,9:43:6:965,48.04,200
34987649,9:43:7:649,48.03,100
34987654,9:43:7:654,48.03,100
34987655,9:43:7:655,48.03,100
34987656,9:43:7:656,48.03,100
34987658,9:43:7:658,48.04,200
34988317,9:43:8:317,48.03,100
34988319,9:43:8:319,48.03,100
34988320,9:43:8:320,48.04,100
34988323,9:43:8:323,48.03,100
34988323,9:43:8:323,48.03,100
34988323,9:43:8:323,48.03,100
34988323,9:43:8:323,48.03,100
34988323,9:43:8:323,48.02,100
34988324,9:43:8:324,48.02,100
34988324,9:43:8:324,48.02,100
34988324,9:43:8:324,48.02,100
34988324,9:43:8:324,48.02,100
34988325,9:43:8:325,48.02,100
34988325,9:43:8:325,48.02,100
34988325,9:43:8:325,48.03,100
34988335,9:43:8:335,48.03,100
34988335,9:43:8:335,48.03,100
34988335,9:43:8:335,48.03,100
34988336,9:43:8:336,48.03,100
34988337,9:43:8:337,48.03,100
34988345,9:43:8:345,48.03,100
34988345,9:43:8:345,48.03,100
34989866,9:43:9:866,48.04,300
34989866,9:43:9:866,48.04,100
34989867,9:43:9:867,48.04,100
34989867,9:43:9:867,48.05,100
34989867,9:43:9:867,48.05,100
34990869,9:43:10:869,48.05,100
34997905,9:43:17:905,48.07,100
34997905,9:43:17:905,48.07,100
34997905,9:43:17:905,48.07,100
34997905,9:43:17:905,48.07,100
34997905,9:43:17:905,48.07,100
34997942,9:43:17:942,48.06,200
34998931,9:43:18:931,48.065,200
34998934,9:43:18:934,48.0601,200
34998955,9:43:18:955,48.065,200
35001238,9:43:21:238,48.06,100
35001261,9:43:21:261,48.065,200
35002953,9:43:22:953,48.06,200
35004948,9:43:24:948,48.065,200
35004948,9:43:24:948,48.0601,100
35004950,9:43:24:950,48.065,300
35004951,9:43:24:951,48.0601,100
35004952,9:43:24:952,48.0601,200
35004952,9:43:24:952,48.0601,300
35004962,9:43:24:962,48.065,200
35004964,9:43:24:964,48.065,100
35005004,9:43:25:4,48.065,100
35008978,9:43:28:978,48.06,200
35010693,9:43:30:693,48.04,3
35010693,9:43:30:693,48.04,97
35015373,9:43:35:373,48.03,100
35015373,9:43:35:373,48.03,100
35015373,9:43:35:373,48.03,100
35015374,9:43:35:374,48.03,100
35015374,9:43:35:374,48.03,100
35015375,9:43:35:375,48.03,100
35015375,9:43:35:375,48.04,100
35015379,9:43:35:379,48.03,100
35015379,9:43:35:379,48.03,100
35015379,9:43:35:379,48.03,100
35015379,9:43:35:379,48.03,100
35015379,9:43:35:379,48.03,200
35018987,9:43:38:987,48.045,100
35019650,9:43:39:650,48.04,100
35019650,9:43:39:650,48.03,100
35019650,9:43:39:650,48.03,100
35019650,9:43:39:650,48.03,100
35019650,9:43:39:650,48.03,100
35019650,9:43:39:650,48.03,100
35019650,9:43:39:650,48.03,100
35019651,9:43:39:651,48.04,200
35019651,9:43:39:651,48.03,100
35019651,9:43:39:651,48.03,100
35019651,9:43:39:651,48.03,100
35019651,9:43:39:651,48.03,100
35019651,9:43:39:651,48.03,100
35019651,9:43:39:651,48.03,100
35019651,9:43:39:651,48.03,100
35019651,9:43:39:651,48.03,100
35019652,9:43:39:652,48.03,100
35019652,9:43:39:652,48.03,100
35019652,9:43:39:652,48.03,100
35019652,9:43:39:652,48.03,100
35019654,9:43:39:654,48.03,38
35019654,9:43:39:654,48.04,217
35019658,9:43:39:658,48.03,100
35019658,9:43:39:658,48.03,100
35019658,9:43:39:658,48.03,100
35019658,9:43:39:658,48.03,100
35019659,9:43:39:659,48.03,100
35019659,9:43:39:659,48.03,100
35019659,9:43:39:659,48.03,100
35019669,9:43:39:669,48.03,100
35019676,9:43:39:676,48.03,100
35020114,9:43:40:114,48.0375,100
35020481,9:43:40:481,48.03,100
35022606,9:43:42:606,48.03,200
35022611,9:43:42:611,48.03,100
35023717,9:43:43:717,48.03,100
35023717,9:43:43:717,48.03,200
35023719,9:43:43:719,48.04,200
35023722,9:43:43:722,48.04,100
35023729,9:43:43:729,48.04,100
35024698,9:43:44:698,48.06,100
35026667,9:43:46:667,48.06,100
35026667,9:43:46:667,48.06,100
35026667,9:43:46:667,48.06,100
35026667,9:43:46:667,48.06,100
35028118,9:43:48:118,48.06,100
35028118,9:43:48:118,48.06,200
35028119,9:43:48:119,48.05,200
35028225,9:43:48:225,48.06,100
35028348,9:43:48:348,48.06,100
35028348,9:43:48:348,48.06,100
35030195,9:43:50:195,48.07,200
35030195,9:43:50:195,48.07,100
35030196,9:43:50:196,48.08,100
35030198,9:43:50:198,48.08,100
35031709,9:43:51:709,48.08,100
35031720,9:43:51:720,48.08,100
35031722,9:43:51:722,48.07,100
35032011,9:43:52:11,48.07,100
35032012,9:43:52:12,48.075,100
35032013,9:43:52:13,48.075,300
35032013,9:43:52:13,48.0701,300
35032013,9:43:52:13,48.0701,100
35032014,9:43:52:14,48.075,100
35032015,9:43:52:15,48.0701,100
35032016,9:43:52:16,48.0701,100
35032022,9:43:52:22,48.075,300
35032030,9:43:52:30,48.0701,300
35032030,9:43:52:30,48.075,100
35032043,9:43:52:43,48.075,100
35032055,9:43:52:55,48.0701,100
35032222,9:43:52:222,48.07,800
35033426,9:43:53:426,48.08,100
35034159,9:43:54:159,48.08,300
35034160,9:43:54:160,48.075,100
35034163,9:43:54:163,48.08,200
35034163,9:43:54:163,48.08,400
35034164,9:43:54:164,48.08,300
35034170,9:43:54:170,48.08,200
35034229,9:43:54:229,48.08,200
35034367,9:43:54:367,48.08,200
35034674,9:43:54:674,48.07,200
35036063,9:43:56:63,48.07,100
35036249,9:43:56:249,48.07,100
35045064,9:44:5:64,48.06,200
35049715,9:44:9:715,48.06,200
35049715,9:44:9:715,48.06,100
35049719,9:44:9:719,48.05,20
35049719,9:44:9:719,48.05,80
35049991,9:44:9:991,48.04,400
35049997,9:44:9:997,48.04,100
35051030,9:44:11:30,48.02,200
35051030,9:44:11:30,48.03,200
35051030,9:44:11:30,48.03,100
35051030,9:44:11:30,48.03,200
35051032,9:44:11:32,48.03,100
35051033,9:44:11:33,48.03,200
35051035,9:44:11:35,48.03,100
35051037,9:44:11:37,48.04,100
35051037,9:44:11:37,48.04,100
35051043,9:44:11:43,48.05,100
35051046,9:44:11:46,48.05,100
35053682,9:44:13:682,48.05,200
35053692,9:44:13:692,48.04,300
35058562,9:44:18:562,48.039,16
35058566,9:44:18:566,48.03,16
35079527,9:44:39:527,48.05,100
35079561,9:44:39:561,48.05,200
35079893,9:44:39:893,48.05,700
35082114,9:44:42:114,48.04,100
35086924,9:44:46:924,48.05,100
35086926,9:44:46:926,48.05,100
35089083,9:44:49:83,48.03,40
35089148,9:44:49:148,48.03,260
35089218,9:44:49:218,48.04,100
35089219,9:44:49:219,48.03,300
35089219,9:44:49:219,48.05,299
35089219,9:44:49:219,48.04,100
35089219,9:44:49:219,48.04,100
35089219,9:44:49:219,48.04,100
35089219,9:44:49:219,48.04,67
35089219,9:44:49:219,48.04,33
35089220,9:44:49:220,48.04,100
35089220,9:44:49:220,48.04,33
35089220,9:44:49:220,48.04,67
35089220,9:44:49:220,48.04,67
35089220,9:44:49:220,48.04,100
35089220,9:44:49:220,48.04,33
35089220,9:44:49:220,48.03,100
35089220,9:44:49:220,48.04,100
35091160,9:44:51:160,48.04,200
35100534,9:45:0:534,48.03,100
35100534,9:45:0:534,48.03,300
35100534,9:45:0:534,48.03,100
35100534,9:45:0:534,48.03,100
35100534,9:45:0:534,48.03,32
35100534,9:45:0:534,48.03,100
35100534,9:45:0:534,48.03,68
35100534,9:45:0:534,48.03,100
35100535,9:45:0:535,48.035,100
35100539,9:45:0:539,48.0398,100
35100575,9:45:0:575,48.03,100
35100575,9:45:0:575,48.03,100
35100587,9:45:0:587,48.035,100
35100654,9:45:0:654,48.035,200
35101328,9:45:1:328,48.035,200
35101420,9:45:1:420,48.04,100
35102123,9:45:2:123,48.03,200
35102124,9:45:2:124,48.03,200
35102124,9:45:2:124,48.03,100
35102124,9:45:2:124,48.03,32
35102199,9:45:2:199,48.03,100
35102533,9:45:2:533,48.03,168
35102533,9:45:2:533,48.03,100
35104072,9:45:4:72,48.03,93
35105786,9:45:5:786,48.03,100
35106452,9:45:6:452,48.04,200
35106649,9:45:6:649,48.04,200
35106834,9:45:6:834,48.04,100
35106913,9:45:6:913,48.04,500
35107086,9:45:7:86,48.04,500
35107799,9:45:7:799,48.04,500
35107815,9:45:7:815,48.03,100
35107815,9:45:7:815,48.02,100
35107816,9:45:7:816,48.02,100
35107819,9:45:7:819,48.03,100
35111320,9:45:11:320,48.02,100
35111328,9:45:11:328,48.02,100
35111522,9:45:11:522,47.99,100
35111916,9:45:11:916,48.01,200
35111916,9:45:11:916,48.01,100
35111920,9:45:11:920,48.02,100
35112067,9:45:12:67,48.02,200
35112074,9:45:12:74,48.02,100
35113802,9:45:13:802,48.02,103
35114073,9:45:14:73,48.02,200
35114075,9:45:14:75,48.02,297
35114077,9:45:14:77,48.02,200
35114078,9:45:14:78,48.02,200
35116654,9:45:16:654,48.02,100
35116654,9:45:16:654,48.01,100
35116654,9:45:16:654,48.01,100
35116654,9:45:16:654,48.01,100
35116654,9:45:16:654,48.01,100
35116654,9:45:16:654,48.02,300
35116655,9:45:16:655,48.01,100
35116655,9:45:16:655,48.01,100
35116655,9:45:16:655,48.01,100
35116655,9:45:16:655,48.01,100
35116655,9:45:16:655,48.01,100
35116656,9:45:16:656,48.02,1
35116658,9:45:16:658,48.01,100
35118359,9:45:18:359,48.005,100
35118500,9:45:18:500,48.015,100
35121930,9:45:21:930,48.015,100
35125416,9:45:25:416,48.02,100
35125416,9:45:25:416,48.02,2
35125417,9:45:25:417,48.02,100
35125428,9:45:25:428,48.02,200
35125431,9:45:25:431,48.02,200
35125545,9:45:25:545,48.04,100
35125546,9:45:25:546,48.03,100
35125546,9:45:25:546,48.03,100
35125546,9:45:25:546,48.03,100
35126710,9:45:26:710,48.04,100
35129609,9:45:29:609,48.02,200
35131096,9:45:31:96,48.03,100
35131097,9:45:31:97,48.03,100
35131850,9:45:31:850,48.04,100
35132670,9:45:32:670,48.03,100
35132672,9:45:32:672,48.04,100
35132672,9:45:32:672,48.04,100
35132797,9:45:32:797,48.03,400
35133720,9:45:33:720,48.03,100
35133722,9:45:33:722,48.04,100
35133722,9:45:33:722,48.04,100
35134693,9:45:34:693,48.03,100
35134694,9:45:34:694,48.04,100
35134694,9:45:34:694,48.04,100
35135608,9:45:35:608,48.04,100
35135608,9:45:35:608,48.04,100
35135608,9:45:35:608,48.04,100
35135965,9:45:35:965,48.04,8
35136415,9:45:36:415,48.03,300
35136417,9:45:36:417,48.03,300
35136417,9:45:36:417,48.035,400
35136434,9:45:36:434,48.03,200
35136435,9:45:36:435,48.03,200
35137477,9:45:37:477,48.03,100
35138260,9:45:38:260,48.035,300
35139899,9:45:39:899,48.045,300
35139911,9:45:39:911,48.035,100
35139918,9:45:39:918,48.045,200
35139922,9:45:39:922,48.045,200
35140012,9:45:40:12,48.045,100
35140015,9:45:40:15,48.045,100
35140109,9:45:40:109,48.045,100
35140159,9:45:40:159,48.045,100
35140368,9:45:40:368,48.045,200
35140441,9:45:40:441,48.04,100
35140450,9:45:40:450,48.04,100
35140451,9:45:40:451,48.04,100
35141020,9:45:41:20,48.04,100
35141020,9:45:41:20,48.03,100
35141021,9:45:41:21,48.03,200
35141022,9:45:41:22,48.03,100
35141026,9:45:41:26,48.04,200
35141118,9:45:41:118,48.04,100
35142904,9:45:42:904,48.005,200
35146428,9:45:46:428,48.01,200
35146591,9:45:46:591,48.0188,171
35148494,9:45:48:494,48.02,300
35148914,9:45:48:914,48.01,100
35148914,9:45:48:914,48.01,300
35148916,9:45:48:916,48,400
35149031,9:45:49:31,48.03,100
35151784,9:45:51:784,48,200
35152954,9:45:52:954,48,100
35152954,9:45:52:954,48,100
35154358,9:45:54:358,48,100
35154359,9:45:54:359,48,100
35154359,9:45:54:359,48,100
35154359,9:45:54:359,48,100
35154362,9:45:54:362,48,966
35154379,9:45:54:379,48,100
35157241,9:45:57:241,47.995,200
35157242,9:45:57:242,47.995,400
35158462,9:45:58:462,47.995,200
35158466,9:45:58:466,47.995,100
35159964,9:45:59:964,47.99,100
35159966,9:45:59:966,47.99,300
35159967,9:45:59:967,47.99,100
35159967,9:45:59:967,47.99,200
35159969,9:45:59:969,47.99,700
35159969,9:45:59:969,47.99,100
35159969,9:45:59:969,47.99,1400
35159970,9:45:59:970,47.99,100
35159971,9:45:59:971,47.99,100
35159976,9:45:59:976,47.99,100
35159978,9:45:59:978,48,10
35159978,9:45:59:978,48,100
35159979,9:45:59:979,48,100
35159979,9:45:59:979,48,100
35159979,9:45:59:979,48,100
35159980,9:45:59:980,48,100
35159980,9:45:59:980,48,100
35159982,9:45:59:982,47.99,100
35159984,9:45:59:984,47.99,1100
35160004,9:46:0:4,47.99,100
35160081,9:46:0:81,47.99,100
35160081,9:46:0:81,47.99,1
35160081,9:46:0:81,47.99,100
35160082,9:46:0:82,47.99,100
35160575,9:46:0:575,47.99,100
35160694,9:46:0:694,47.99,100
35160694,9:46:0:694,47.99,200
35160696,9:46:0:696,47.99,300
35160696,9:46:0:696,47.99,200
35160698,9:46:0:698,47.99,500
35160698,9:46:0:698,47.99,100
35160699,9:46:0:699,47.99,100
35160702,9:46:0:702,47.99,100
35160702,9:46:0:702,47.99,100
35160702,9:46:0:702,47.99,500
35160705,9:46:0:705,47.99,1893
35160794,9:46:0:794,47.99,100
35161004,9:46:1:4,47.99,100
35161006,9:46:1:6,47.98,2
35161006,9:46:1:6,47.98,98
35161006,9:46:1:6,47.98,50
35161086,9:46:1:86,47.99,300
35161621,9:46:1:621,47.99,300
35161626,9:46:1:626,47.99,200
35162780,9:46:2:780,47.94,100
35162780,9:46:2:780,47.93,300
35162784,9:46:2:784,47.98,30
35162786,9:46:2:786,47.931,431
35162811,9:46:2:811,47.99,100
35162837,9:46:2:837,47.99,400
35162837,9:46:2:837,47.99,500
35162837,9:46:2:837,47.9899,1100
35162867,9:46:2:867,47.99,100
35164539,9:46:4:539,48,100
35166048,9:46:6:48,47.99,100
35168041,9:46:8:41,47.99,100
35168438,9:46:8:438,47.99,100
35168438,9:46:8:438,47.99,100
35168438,9:46:8:438,47.99,100
35168439,9:46:8:439,48,50
35168439,9:46:8:439,48,50
35169337,9:46:9:337,47.99,200
35169337,9:46:9:337,47.99,100
35169960,9:46:9:960,47.99,100
35170428,9:46:10:428,47.99,200
35170788,9:46:10:788,48,100
35170859,9:46:10:859,47.99,100
35170949,9:46:10:949,47.99,100
35171047,9:46:11:47,47.99,100
35171085,9:46:11:85,48,100
35171085,9:46:11:85,48,100
35171085,9:46:11:85,48,100
35171085,9:46:11:85,48,100
35171109,9:46:11:109,48.02,100
35177173,9:46:17:173,48,90
35177186,9:46:17:186,47.995,24
35177235,9:46:17:235,48,10
35180602,9:46:20:602,48.01,100
35185361,9:46:25:361,48.01,50
35185361,9:46:25:361,48.01,100
35185361,9:46:25:361,48.01,50
35185361,9:46:25:361,48.01,200
35185363,9:46:25:363,48.02,150
35185363,9:46:25:363,48.02,50
35186655,9:46:26:655,48.03,100
35186656,9:46:26:656,48.03,50
35186656,9:46:26:656,48.03,50
35186657,9:46:26:657,48.03,100
35187532,9:46:27:532,48.04,29
35195045,9:46:35:45,48.03,410
35197013,9:46:37:13,48.01,200
35197018,9:46:37:18,48,100
35197052,9:46:37:52,48.01,100
35197154,9:46:37:154,48,100
35197155,9:46:37:155,48,100
35197155,9:46:37:155,48,200
35197155,9:46:37:155,48,100
35198302,9:46:38:302,48,100
35198535,9:46:38:535,48,88
35198535,9:46:38:535,48,112
35202558,9:46:42:558,48.01,100
35202647,9:46:42:647,48.01,200
35202647,9:46:42:647,48.01,400
35202802,9:46:42:802,48.01,300
35208813,9:46:48:813,47.98,116
35208813,9:46:48:813,47.98,84
35208813,9:46:48:813,47.98,100
35210224,9:46:50:224,47.975,100
35210227,9:46:50:227,47.98,100
35210334,9:46:50:334,47.97,100
35210334,9:46:50:334,47.97,100
35210334,9:46:50:334,47.97,100
35213028,9:46:53:28,47.96,100
35213028,9:46:53:28,47.96,300
35213031,9:46:53:31,47.97,100
35217437,9:46:57:437,47.97,200
35217696,9:46:57:696,47.98,100
35217798,9:46:57:798,47.98,100
35217798,9:46:57:798,47.98,100
35218433,9:46:58:433,47.97,100
35218434,9:46:58:434,47.98,100
35222684,9:47:2:684,47.98,100
35222685,9:47:2:685,47.98,100
35222685,9:47:2:685,47.98,100
35222686,9:47:2:686,47.99,100
35222687,9:47:2:687,47.99,100
35222701,9:47:2:701,47.965,100
35222704,9:47:2:704,47.94,100
35222704,9:47:2:704,47.98,100
35222706,9:47:2:706,47.94,100
35222894,9:47:2:894,47.97,100
35222900,9:47:2:900,47.97,100
35222977,9:47:2:977,47.97,100
35222990,9:47:2:990,47.97,100
35232464,9:47:12:464,47.95,2000
35233367,9:47:13:367,47.95,29
35233368,9:47:13:368,47.95,71
35233545,9:47:13:545,47.95,100
35235252,9:47:15:252,47.905,100
35235253,9:47:15:253,47.92,100
35235263,9:47:15:263,47.905,100
35235266,9:47:15:266,47.9199,100
35235277,9:47:15:277,47.905,100
35235280,9:47:15:280,47.9199,100
35235303,9:47:15:303,47.905,100
35235306,9:47:15:306,47.9199,100
35236418,9:47:16:418,47.92,200
35236419,9:47:16:419,47.92,300
35236419,9:47:16:419,47.92,100
35236419,9:47:16:419,47.92,100
35236421,9:47:16:421,47.93,100
35236638,9:47:16:638,47.92,100
35238164,9:47:18:164,47.95,100
35238224,9:47:18:224,47.95,400
35238294,9:47:18:294,47.95,100
35238294,9:47:18:294,47.95,100
35238294,9:47:18:294,47.95,100
35238294,9:47:18:294,47.95,100
35238486,9:47:18:486,47.95,53
35239549,9:47:19:549,47.96,100
35239551,9:47:19:551,47.96,100
35239551,9:47:19:551,47.95,100
35239552,9:47:19:552,47.95,100
35239559,9:47:19:559,47.95,100
35239743,9:47:19:743,47.96,300
35240419,9:47:20:419,47.96,100
35240419,9:47:20:419,47.96,300
35242123,9:47:22:123,47.97,100
35242123,9:47:22:123,47.97,100
35242124,9:47:22:124,47.98,100
35243756,9:47:23:756,47.99,100
35244417,9:47:24:417,47.98,100
35245526,9:47:25:526,47.99,100
35245555,9:47:25:555,47.99,100
35246646,9:47:26:646,47.99,100
35246669,9:47:26:669,47.99,100
35246864,9:47:26:864,48,100
35246865,9:47:26:865,48,100
35247437,9:47:27:437,48,100
35248643,9:47:28:643,48,100
35248645,9:47:28:645,48,100
35259204,9:47:39:204,47.99,100
35259205,9:47:39:205,47.99,100
35259205,9:47:39:205,47.99,10
35259205,9:47:39:205,47.99,100
35279130,9:47:59:130,47.99,100
35280008,9:48:0:8,47.975,100
35280694,9:48:0:694,47.98,100
35280695,9:48:0:695,47.975,100
35280702,9:48:0:702,47.975,100
35280705,9:48:0:705,47.98,100
35280975,9:48:0:975,47.98,100
35281163,9:48:1:163,47.99,100
35281164,9:48:1:164,47.99,100
35281164,9:48:1:164,47.99,100
35281169,9:48:1:169,47.99,100
35283672,9:48:3:672,47.99,200
35283780,9:48:3:780,48,57
35283874,9:48:3:874,48,100
35283874,9:48:3:874,48,100
35283875,9:48:3:875,48,200
35283875,9:48:3:875,48,143
35285706,9:48:5:706,48,200
35286064,9:48:6:64,48,100
35286593,9:48:6:593,48,500
35286596,9:48:6:596,48,500
35287311,9:48:7:311,48,200
35287312,9:48:7:312,48,200
35287315,9:48:7:315,47.99,200
35287317,9:48:7:317,47.99,200
35287326,9:48:7:326,47.99,100
35287512,9:48:7:512,47.99,100
35287518,9:48:7:518,47.99,100
35287567,9:48:7:567,48,100
35287600,9:48:7:600,47.99,100
35287600,9:48:7:600,47.99,500
35288572,9:48:8:572,48,200
35289972,9:48:9:972,48,100
35289981,9:48:9:981,47.99,100
35291093,9:48:11:93,48,1800
35291098,9:48:11:98,48,2800
35291120,9:48:11:120,48,100
35291175,9:48:11:175,48,200
35291175,9:48:11:175,48,200
35291244,9:48:11:244,47.99,100
35291309,9:48:11:309,48,100
35292471,9:48:12:471,47.99,100
35292471,9:48:12:471,47.99,100
35292472,9:48:12:472,47.99,100
35292473,9:48:12:473,47.99,200
35292475,9:48:12:475,47.985,100
35292484,9:48:12:484,47.985,200
35293995,9:48:13:995,47.99,100
35293995,9:48:13:995,47.99,100
35293995,9:48:13:995,47.99,100
35293996,9:48:13:996,47.98,100
35293996,9:48:13:996,47.99,100
35294636,9:48:14:636,48.01,100
35297329,9:48:17:329,48.01,200
35297329,9:48:17:329,48.01,100
35297329,9:48:17:329,47.995,50
35300913,9:48:20:913,48,100
35300920,9:48:20:920,48.005,100
35300920,9:48:20:920,48.0001,100
35300983,9:48:20:983,48,63
35312687,9:48:32:687,47.98,200
35312688,9:48:32:688,47.98,100
35312689,9:48:32:689,47.98,100
35315545,9:48:35:545,47.98,100
35315548,9:48:35:548,47.98,100
35319003,9:48:39:3,47.975,200
35319005,9:48:39:5,47.98,200
35319062,9:48:39:62,47.975,50
35319063,9:48:39:63,47.975,50
35319063,9:48:39:63,47.98,50
35319065,9:48:39:65,47.98,50
35319117,9:48:39:117,47.975,100
35319119,9:48:39:119,47.975,100
35319245,9:48:39:245,47.975,100
35319297,9:48:39:297,47.975,100
35319299,9:48:39:299,47.98,100
35319318,9:48:39:318,47.97,50
35320879,9:48:40:879,47.98,100
35321011,9:48:41:11,47.975,69
35321015,9:48:41:15,47.9798,69
35321220,9:48:41:220,47.98,200
35321220,9:48:41:220,47.98,100
35321255,9:48:41:255,47.99,100
35321257,9:48:41:257,47.99,100
35321257,9:48:41:257,47.99,100
35321259,9:48:41:259,47.995,100
35322890,9:48:42:890,47.98,100
35322891,9:48:42:891,47.98,100
35331661,9:48:51:661,47.995,200
35331661,9:48:51:661,48,200
35331669,9:48:51:669,47.99,25
35331670,9:48:51:670,47.99,75
35331670,9:48:51:670,47.99,100
35331670,9:48:51:670,47.99,100
35331679,9:48:51:679,48,100
35331973,9:48:51:973,48,100
35331973,9:48:51:973,48,100
35331973,9:48:51:973,48,100
35333704,9:48:53:704,48,239
35333705,9:48:53:705,48,126
35333705,9:48:53:705,48,235
35333718,9:48:53:718,48,100
35333719,9:48:53:719,48,100
35333719,9:48:53:719,48.01,100
35335682,9:48:55:682,48.01,100
35335682,9:48:55:682,48.01,200
35335784,9:48:55:784,48.02,100
35337323,9:48:57:323,48.02,100
35338042,9:48:58:42,48.02,100
35338042,9:48:58:42,48.02,100
35338042,9:48:58:42,48.02,100
35338042,9:48:58:42,48.02,100
35338042,9:48:58:42,48.02,100
35338045,9:48:58:45,48.025,100
35338049,9:48:58:49,48.02,100
35338050,9:48:58:50,48.02,100
35338050,9:48:58:50,48.02,12
35338050,9:48:58:50,48.02,88
35340291,9:49:0:291,48.03,100
35340291,9:49:0:291,48.03,200
35341830,9:49:1:830,48.02,200
35341832,9:49:1:832,48.025,200
35341832,9:49:1:832,48.025,300
35341832,9:49:1:832,48.02,300
35341832,9:49:1:832,48.025,200
35341834,9:49:1:834,48.02,200
35341834,9:49:1:834,48.02,100
35341835,9:49:1:835,48.02,200
35341835,9:49:1:835,48.025,100
35341836,9:49:1:836,48.025,100
35341837,9:49:1:837,48.02,100
35341839,9:49:1:839,48.02,100
35341850,9:49:1:850,48.03,100
35341853,9:49:1:853,48.025,100
35341856,9:49:1:856,48.02,100
35341942,9:49:1:942,48.025,100
35341986,9:49:1:986,48.02,100
35341996,9:49:1:996,48.02,569
35342002,9:49:2:2,48.025,200
35342079,9:49:2:79,48.02,100
35342160,9:49:2:160,48.02,100
35342342,9:49:2:342,48.02,100
35342457,9:49:2:457,48.02,100
35342518,9:49:2:518,48.02,700
35354280,9:49:14:280,47.99,100
35359056,9:49:19:56,47.99,43
35359056,9:49:19:56,47.99,57
35359056,9:49:19:56,47.99,100
35359057,9:49:19:57,47.98,100
35359057,9:49:19:57,47.98,100
35359065,9:49:19:65,47.97,100
35361720,9:49:21:720,47.97,300
35363352,9:49:23:352,47.98,100
35363352,9:49:23:352,47.98,100
35369942,9:49:29:942,47.9696,498
35393352,9:49:53:352,47.96,100
35393352,9:49:53:352,47.96,100
35393352,9:49:53:352,47.96,88
35393352,9:49:53:352,47.96,100
35393353,9:49:53:353,47.96,43
35393353,9:49:53:353,47.96,130
35393353,9:49:53:353,47.96,100
35393353,9:49:53:353,47.96,192
35393353,9:49:53:353,47.96,75
35393353,9:49:53:353,47.96,100
35393353,9:49:53:353,47.96,100
35393353,9:49:53:353,47.96,100
35393353,9:49:53:353,47.96,50
35393354,9:49:53:354,47.96,100
35393354,9:49:53:354,47.96,50
35393363,9:49:53:363,47.96,100
35393363,9:49:53:363,47.96,100
35393363,9:49:53:363,47.96,100
35395397,9:49:55:397,47.96,100
35395397,9:49:55:397,47.96,37
35395397,9:49:55:397,47.96,100
35395397,9:49:55:397,47.96,27
35397918,9:49:57:918,47.96,100
35397918,9:49:57:918,47.96,100
35397918,9:49:57:918,47.96,100
35397918,9:49:57:918,47.96,100
35397919,9:49:57:919,47.96,100
35397919,9:49:57:919,47.96,100
35397919,9:49:57:919,47.96,100
35397919,9:49:57:919,47.96,100
35397920,9:49:57:920,47.96,100
35399398,9:49:59:398,47.97,100
35399407,9:49:59:407,47.96,100
35399407,9:49:59:407,47.96,100
35399408,9:49:59:408,47.96,100
35399408,9:49:59:408,47.96,100
35399408,9:49:59:408,47.96,400
35399408,9:49:59:408,47.96,57
35399413,9:49:59:413,47.96,100
35399414,9:49:59:414,47.96,100
35399549,9:49:59:549,47.96,100
35399693,9:49:59:693,47.96,100
35399827,9:49:59:827,47.96,400
35402552,9:50:2:552,47.96,100
35402638,9:50:2:638,47.96,100
35402647,9:50:2:647,47.96,100
35404768,9:50:4:768,47.96,200
35404768,9:50:4:768,47.96,100
35404768,9:50:4:768,47.96,100
35407701,9:50:7:701,47.96,100
35407702,9:50:7:702,47.97,1
35409084,9:50:9:84,47.97,200
35409271,9:50:9:271,47.965,200
35409347,9:50:9:347,47.97,100
35409347,9:50:9:347,47.97,199
35409347,9:50:9:347,47.97,100
35409347,9:50:9:347,47.97,100
35409349,9:50:9:349,47.98,100
35409353,9:50:9:353,47.98,100
35412166,9:50:12:166,47.98,231
35412166,9:50:12:166,47.98,169
35412168,9:50:12:168,47.98,100
35412171,9:50:12:171,47.98,100
35413534,9:50:13:534,47.98,100
35417827,9:50:17:827,47.99,100
35417827,9:50:17:827,47.99,200
35417827,9:50:17:827,47.99,100
35417827,9:50:17:827,47.99,100
35420444,9:50:20:444,48,100
35420444,9:50:20:444,48,100
35422017,9:50:22:17,48.01,121
35422017,9:50:22:17,48.01,100
35422018,9:50:22:18,48.01,100
35422018,9:50:22:18,48.01,100
35424214,9:50:24:214,47.9986,100
35427873,9:50:27:873,48.01,200
35427909,9:50:27:909,48.01,100
35430929,9:50:30:929,48.03,200
35430929,9:50:30:929,48.03,100
35433749,9:50:33:749,48.025,400
35433750,9:50:33:750,48.02,200
35433751,9:50:33:751,48.025,300
35433751,9:50:33:751,48.025,200
35433752,9:50:33:752,48.02,300
35433752,9:50:33:752,48.02,200
35433753,9:50:33:753,48.02,200
35433753,9:50:33:753,48.02,400
35433754,9:50:33:754,48.02,200
35433756,9:50:33:756,48.02,100
35433757,9:50:33:757,48.025,100
35433757,9:50:33:757,48.02,508
35433757,9:50:33:757,48.02,487
35433757,9:50:33:757,48.02,100
35433758,9:50:33:758,48.02,5
35433758,9:50:33:758,48.01,1000
35433759,9:50:33:759,48.01,100
35433761,9:50:33:761,48.01,100
35433761,9:50:33:761,48.01,100
35433761,9:50:33:761,48.01,100
35433795,9:50:33:795,48.025,200
35433802,9:50:33:802,48.025,100
35433811,9:50:33:811,48.0225,300
35433814,9:50:33:814,48.02,100
35433816,9:50:33:816,48.02,2000
35433817,9:50:33:817,48.025,100
35433820,9:50:33:820,48.02,100
35433827,9:50:33:827,48.025,200
35433877,9:50:33:877,48.02,100
35433920,9:50:33:920,48.025,200
35436201,9:50:36:201,48.02,200
35436203,9:50:36:203,48.02,200
35436308,9:50:36:308,48.025,200
35436342,9:50:36:342,48.025,200
35437101,9:50:37:101,48.02,100
35437101,9:50:37:101,48.02,50
35437102,9:50:37:102,48.02,100
35437102,9:50:37:102,48.02,100
35437103,9:50:37:103,48.025,100
35439788,9:50:39:788,48.01,200
35439790,9:50:39:790,48.01,100
35442505,9:50:42:505,48,200
35442505,9:50:42:505,48,100
35442505,9:50:42:505,48,100
35442505,9:50:42:505,47.99,5
35449672,9:50:49:672,48,200
35453400,9:50:53:400,48.01,100
35453401,9:50:53:401,48.01,100
35454777,9:50:54:777,48.02,100
35454778,9:50:54:778,48.02,100
35454804,9:50:54:804,48.02,100
35456090,9:50:56:90,48.02,100
35456120,9:50:56:120,48.025,100
35457363,9:50:57:363,48.02,200
35457578,9:50:57:578,48.01,100
35458455,9:50:58:455,48.02,200
35463173,9:51:3:173,48.02,200
35463173,9:51:3:173,48.02,100
35464382,9:51:4:382,48.01,100
35465669,9:51:5:669,48.025,100
35465669,9:51:5:669,48.025,200
35465670,9:51:5:670,48.025,300
35465671,9:51:5:671,48.025,300
35465677,9:51:5:677,48.025,100
35465678,9:51:5:678,48.025,100
35465679,9:51:5:679,48.025,100
35465682,9:51:5:682,48.025,300
35465684,9:51:5:684,48.0201,300
35465686,9:51:5:686,48.0201,200
35465687,9:51:5:687,48.0201,300
35465704,9:51:5:704,48.0201,100
35465704,9:51:5:704,48.0201,300
35465704,9:51:5:704,48.0201,100
35465704,9:51:5:704,48.0201,100
35465704,9:51:5:704,48.0201,100
35465722,9:51:5:722,48.025,200
35465935,9:51:5:935,48.025,200
35466004,9:51:6:4,48.02,100
35466009,9:51:6:9,48.02,100
35466063,9:51:6:63,48.02,2400
35466063,9:51:6:63,48.02,100
35466588,9:51:6:588,48.025,100
35466590,9:51:6:590,48.025,200
35466590,9:51:6:590,48.0202,200
35466593,9:51:6:593,48.0202,100
35466844,9:51:6:844,48.02,200
35466846,9:51:6:846,48.02,200
35466900,9:51:6:900,48.02,100
35466909,9:51:6:909,48.025,100
35467545,9:51:7:545,48.025,200
35467547,9:51:7:547,48.0201,200
35467547,9:51:7:547,48.0201,200
35467547,9:51:7:547,48.025,200
35467548,9:51:7:548,48.0201,100
35467550,9:51:7:550,48.0201,200
35467555,9:51:7:555,48.025,200
35467574,9:51:7:574,48.025,200
35467586,9:51:7:586,48.025,100
35467641,9:51:7:641,48.02,100
35467661,9:51:7:661,48.025,100
35467697,9:51:7:697,48.02,100
35467697,9:51:7:697,48.02,100
35467719,9:51:7:719,48.025,100
35469345,9:51:9:345,48.015,200
35469346,9:51:9:346,48.01,100
35469861,9:51:9:861,48.02,200
35469863,9:51:9:863,48.02,100
35469864,9:51:9:864,48.02,100
35470020,9:51:10:20,48.01,100
35470069,9:51:10:69,48.015,200
35470072,9:51:10:72,48.01,200
35470199,9:51:10:199,48.01,800
35471436,9:51:11:436,48,9
35471478,9:51:11:478,48.02,100
35475166,9:51:15:166,48,100
35475176,9:51:15:176,48,95
35475176,9:51:15:176,48,5
35475176,9:51:15:176,48,95
35475176,9:51:15:176,48,5
35475243,9:51:15:243,48,100
35478236,9:51:18:236,48,100
35478236,9:51:18:236,48,100
35479316,9:51:19:316,47.98,100
35480161,9:51:20:161,47.97,4
35480162,9:51:20:162,47.97,100
35480173,9:51:20:173,47.96,100
35480174,9:51:20:174,47.97,100
35480174,9:51:20:174,47.97,100
35480210,9:51:20:210,47.97,100
35480211,9:51:20:211,47.97,96
35480771,9:51:20:771,47.97,1
35480773,9:51:20:773,47.97,100
35480797,9:51:20:797,47.97,100
35487969,9:51:27:969,47.97,100
35487969,9:51:27:969,47.97,10
35489999,9:51:29:999,47.97,33
35490065,9:51:30:65,47.97,8
35490082,9:51:30:82,47.97,67
35502108,9:51:42:108,47.95,100
35531936,9:52:11:936,47.94,100
35532073,9:52:12:73,47.95,100
35532073,9:52:12:73,47.95,100
35532073,9:52:12:73,47.95,300
35532074,9:52:12:74,47.95,100
35532074,9:52:12:74,47.95,200
35540972,9:52:20:972,47.94,100
35541119,9:52:21:119,47.94,200
35541120,9:52:21:120,47.94,100
35541125,9:52:21:125,47.94,100
35541130,9:52:21:130,47.94,100
35570151,9:52:50:151,47.96,100
35570255,9:52:50:255,47.96,100
35570258,9:52:50:258,47.96,100
35570258,9:52:50:258,47.96,100
35570258,9:52:50:258,47.96,100
35570258,9:52:50:258,47.96,100
35570258,9:52:50:258,47.96,100
35570261,9:52:50:261,47.97,100
35570261,9:52:50:261,47.97,100
35570261,9:52:50:261,47.97,100
35570278,9:52:50:278,47.95,94
35574365,9:52:54:365,47.9404,100
35576238,9:52:56:238,47.96,100
35576238,9:52:56:238,47.96,1000
35576239,9:52:56:239,47.96,1
35576479,9:52:56:479,47.94,6
35576627,9:52:56:627,47.96,100
35576627,9:52:56:627,47.96,100
35576630,9:52:56:630,47.97,100
35576630,9:52:56:630,47.96,100
35576631,9:52:56:631,47.96,100
35578604,9:52:58:604,47.98,200
35578604,9:52:58:604,47.98,100
35580700,9:53:0:700,48,300
35580700,9:53:0:700,48,100
35583196,9:53:3:196,48.01,100
35583196,9:53:3:196,48.01,100
35584434,9:53:4:434,48,100
35584434,9:53:4:434,48.02,100
35584691,9:53:4:691,48.01,190
35584691,9:53:4:691,48.01,306
35584691,9:53:4:691,48.01,4
35585253,9:53:5:253,48.02,100
35587384,9:53:7:384,48.03,200
35587865,9:53:7:865,48.03,100
35587906,9:53:7:906,48.03,10
35587907,9:53:7:907,48.03,90
35589002,9:53:9:2,48.03,100
35589010,9:53:9:10,48.03,100
35589024,9:53:9:24,48.02,100
35589114,9:53:9:114,48.03,100
35592464,9:53:12:464,48.02,100
35592470,9:53:12:470,48.02,100
35592518,9:53:12:518,48.02,100
35592518,9:53:12:518,48.02,1720
35593020,9:53:13:20,48.02,100
35593135,9:53:13:135,48.02,100
35595012,9:53:15:12,48.02,100
35596057,9:53:16:57,48.02,100
35596624,9:53:16:624,48.01,2080
35597050,9:53:17:50,48.015,100
35597053,9:53:17:53,48.0102,100
35598276,9:53:18:276,48.01,1
35598277,9:53:18:277,48.01,500
35598277,9:53:18:277,48.01,99
35598278,9:53:18:278,48.01,100
35598472,9:53:18:472,48.0192,100
35599621,9:53:19:621,47.98,100
35599679,9:53:19:679,47.98,700
35603464,9:53:23:464,47.99,1420
35604234,9:53:24:234,48,100
35614325,9:53:34:325,47.98,200
35614325,9:53:34:325,47.98,100
35614325,9:53:34:325,47.99,100
35614325,9:53:34:325,47.99,100
35642342,9:54:2:342,47.98,300
35642403,9:54:2:403,47.98,100
35644330,9:54:4:330,47.98,100
35644330,9:54:4:330,47.97,100
35644331,9:54:4:331,47.97,200
35644332,9:54:4:332,47.98,100
35644332,9:54:4:332,47.98,100
35644332,9:54:4:332,47.98,68
35644332,9:54:4:332,47.98,32
35644344,9:54:4:344,47.98,100
35646507,9:54:6:507,48,100
35653739,9:54:13:739,48,50
35653739,9:54:13:739,48,50
35656031,9:54:16:31,48,100
35657759,9:54:17:759,47.99,1
35657761,9:54:17:761,47.99,100
35658085,9:54:18:85,48.01,10
35659080,9:54:19:80,48,100
35659080,9:54:19:80,48,100
35670751,9:54:30:751,48,100
35670831,9:54:30:831,48.03,100
35677606,9:54:37:606,48.05,106
35677735,9:54:37:735,48.05,1
35678002,9:54:38:2,48.03,13
35685034,9:54:45:34,48.03,4
35690454,9:54:50:454,48.03,100
35690454,9:54:50:454,48.03,100
35690465,9:54:50:465,48.03,200
35690539,9:54:50:539,48.03,100
35690543,9:54:50:543,48.02,200
35690553,9:54:50:553,48.01,100
35692322,9:54:52:322,48,200
35704516,9:55:4:516,48,3
35707360,9:55:7:360,47.99,100
35707367,9:55:7:367,47.9801,100
35711316,9:55:11:316,47.941,9
35713255,9:55:13:255,47.97,100
35724313,9:55:24:313,47.97,100
35724429,9:55:24:429,47.97,100
35724437,9:55:24:437,47.97,100
35724437,9:55:24:437,47.97,100
35724437,9:55:24:437,47.97,300
35728161,9:55:28:161,47.99,100
35728161,9:55:28:161,47.99,100
35729607,9:55:29:607,48.02,100
35729607,9:55:29:607,48.02,100
35729608,9:55:29:608,48.02,100
35729608,9:55:29:608,48.01,100
35729608,9:55:29:608,48.01,100
35729608,9:55:29:608,48.02,100
35732606,9:55:32:606,48.02,100
35732612,9:55:32:612,48.02,100
35732660,9:55:32:660,48.02,100
35732914,9:55:32:914,48.02,100
35733310,9:55:33:310,48.02,22
35733310,9:55:33:310,48.02,78
35737544,9:55:37:544,48.01,100
35737544,9:55:37:544,48.01,100
35737973,9:55:37:973,47.97,100
35738470,9:55:38:470,47.98,100
35738473,9:55:38:473,47.98,100
35741912,9:55:41:912,47.98,100
35741912,9:55:41:912,47.98,100
35746047,9:55:46:47,47.995,100
35746048,9:55:46:48,47.9901,100
35746065,9:55:46:65,47.995,100
35746066,9:55:46:66,47.995,300
35746067,9:55:46:67,47.9901,100
35746067,9:55:46:67,47.9901,300
35746513,9:55:46:513,47.99,100
35755480,9:55:55:480,47.99,100
35755482,9:55:55:482,47.98,100
35763493,9:56:3:493,47.955,45
35763496,9:56:3:496,47.9598,45
35767712,9:56:7:712,47.97,100
35767712,9:56:7:712,47.97,7
35767712,9:56:7:712,47.97,193
35767712,9:56:7:712,47.98,100
35767713,9:56:7:713,47.97,100
35780681,9:56:20:681,47.98,45
35789662,9:56:29:662,47.99,100
35789664,9:56:29:664,47.97,100
35791078,9:56:31:78,48,10
35797655,9:56:37:655,48,90
35797655,9:56:37:655,48,10
35797655,9:56:37:655,48.01,20
35797656,9:56:37:656,48.01,30
35813787,9:56:53:787,47.98,100
35813992,9:56:53:992,47.99,100
35817009,9:56:57:9,47.99,200
35821993,9:57:1:993,47.97,99
35821993,9:57:1:993,47.98,1
35821994,9:57:1:994,47.97,1
35821994,9:57:1:994,47.96,100
35821995,9:57:1:995,47.97,77
35821995,9:57:1:995,47.99,123
35821995,9:57:1:995,47.99,77
35821995,9:57:1:995,47.99,100
35822005,9:57:2:5,47.96,100
35822010,9:57:2:10,47.96,100
35822011,9:57:2:11,47.96,100
35826828,9:57:6:828,47.965,100
35827932,9:57:7:932,47.99,100
35830601,9:57:10:601,47.97,100
35830610,9:57:10:610,47.95,51
35833851,9:57:13:851,47.97,100
35836464,9:57:16:464,47.97,100
35836464,9:57:16:464,47.97,100
35836484,9:57:16:484,47.98,100
35836500,9:57:16:500,47.98,2
35837562,9:57:17:562,47.98,100
35837890,9:57:17:890,47.98,100
35837892,9:57:17:892,47.99,100
35837892,9:57:17:892,47.99,100
35837904,9:57:17:904,47.99,200
35837904,9:57:17:904,47.99,100
35837904,9:57:17:904,47.99,100
35854264,9:57:34:264,47.99,100
35859632,9:57:39:632,48,20
35859632,9:57:39:632,48,100
35859632,9:57:39:632,48,100
35867587,9:57:47:587,47.9875,100
35885039,9:58:5:39,47.98,1
35885042,9:58:5:42,47.99,200
35885363,9:58:5:363,47.97,99
35885363,9:58:5:363,47.97,1
35885365,9:58:5:365,47.97,100
35885365,9:58:5:365,47.97,6
35885365,9:58:5:365,47.97,94
35885365,9:58:5:365,47.97,99
35885365,9:58:5:365,47.98,100
35885365,9:58:5:365,47.98,146
35885369,9:58:5:369,47.97,100
35885370,9:58:5:370,47.97,46
35892978,9:58:12:978,47.98,100
35892978,9:58:12:978,47.98,100
35892978,9:58:12:978,47.98,100
35892978,9:58:12:978,47.98,100
35892978,9:58:12:978,47.98,100
35892978,9:58:12:978,47.98,100
35896468,9:58:16:468,48.01,2
35910014,9:58:30:14,47.99,100
35910567,9:58:30:567,47.99,100
35918306,9:58:38:306,48,200
35918325,9:58:38:325,47.99,100
35918325,9:58:38:325,47.99,100
35918330,9:58:38:330,47.98,200
35918332,9:58:38:332,47.99,100
35918333,9:58:38:333,47.99,100
35918464,9:58:38:464,47.99,100
35918492,9:58:38:492,47.99,200
35920075,9:58:40:75,47.99,100
35924516,9:58:44:516,47.99,100
35925542,9:58:45:542,47.99,100
35925729,9:58:45:729,47.99,100
35925777,9:58:45:777,47.99,100
35925961,9:58:45:961,47.99,100
35942572,9:59:2:572,47.99,300
35952997,9:59:12:997,47.99,100
35953400,9:59:13:400,48,100
35953422,9:59:13:422,48.01,100
35953440,9:59:13:440,48,100
35955123,9:59:15:123,47.99,100
35955123,9:59:15:123,47.99,17
35957787,9:59:17:787,48.0099,500
35959514,9:59:19:514,47.99,13
35959598,9:59:19:598,47.99,800
35964635,9:59:24:635,48,100
35964635,9:59:24:635,48,100
35964684,9:59:24:684,47.99,100
35964780,9:59:24:780,47.99,100
35964785,9:59:24:785,47.99,100
35964789,9:59:24:789,47.99,100
35964791,9:59:24:791,47.99,100
35964794,9:59:24:794,47.99,100
35964796,9:59:24:796,47.99,100
35964898,9:59:24:898,47.99,100
35965313,9:59:25:313,47.99,500
35976432,9:59:36:432,48,300
35985796,9:59:45:796,47.99,400
35993005,9:59:53:5,48.01,100
35993005,9:59:53:5,48.01,100
35993005,9:59:53:5,48.01,100
35993005,9:59:53:5,48.01,100
35993005,9:59:53:5,48.01,100
35993006,9:59:53:6,48.02,100
35993006,9:59:53:6,48.02,100
35993006,9:59:53:6,48.02,95
35993006,9:59:53:6,48.02,5
35993007,9:59:53:7,48.03,100
35994004,9:59:54:4,48.06,100
35994004,9:59:54:4,48.06,100
35994034,9:59:54:34,48.07,200
35995004,9:59:55:4,48.06,100
35995498,9:59:55:498,48.07,100
35995498,9:59:55:498,48.07,100
35995498,9:59:55:498,48.07,1
35995498,9:59:55:498,48.07,95
35995498,9:59:55:498,48.07,100
35995499,9:59:55:499,48.08,100
35995499,9:59:55:499,48.08,100
35995501,9:59:55:501,48.1,204
35995501,9:59:55:501,48.08,100
36014344,10:0:14:344,48.06,100
36018676,10:0:18:676,48.06,200
36019767,10:0:19:767,48.0555,200
36020523,10:0:20:523,48.05,100
36020729,10:0:20:729,48.055,100
36021281,10:0:21:281,48.06,200
36021281,10:0:21:281,48.06,100
36021281,10:0:21:281,48.06,100
36024095,10:0:24:95,48.05,100
36024096,10:0:24:96,48.05,1
36024096,10:0:24:96,48.05,100
36024096,10:0:24:96,48.05,5
36024096,10:0:24:96,48.05,99
36024096,10:0:24:96,48.05,1
36025172,10:0:25:172,48.07,16
36028335,10:0:28:335,48.04,100
36031133,10:0:31:133,48.03,100
36037444,10:0:37:444,48.04,6
36038462,10:0:38:462,48.04,29
36048954,10:0:48:954,48.02,200
36048954,10:0:48:954,48.02,100
36048954,10:0:48:954,48.02,100
36048954,10:0:48:954,48.02,100
36048956,10:0:48:956,48.03,100
36048959,10:0:48:959,48.04,200
36048959,10:0:48:959,48.04,15
36048960,10:0:48:960,48.04,65
36048961,10:0:48:961,48.05,100
36048985,10:0:48:985,48.04,100
36049643,10:0:49:643,48.01,100
36049759,10:0:49:759,48.025,100
36053337,10:0:53:337,48.03,100
36053349,10:0:53:349,48.03,200
36053352,10:0:53:352,48.03,200
36062734,10:1:2:734,48.03,300
36062737,10:1:2:737,48.0399,300
36062778,10:1:2:778,48.04,100
36062792,10:1:2:792,48.05,200
36062794,10:1:2:794,48.05,100
36062797,10:1:2:797,48.05,100
36062800,10:1:2:800,48.05,100
36062801,10:1:2:801,48.04,35
36079300,10:1:19:300,48.02,100
36079300,10:1:19:300,48.02,100
36094810,10:1:34:810,48.01,42
36094811,10:1:34:811,48.01,58
36094811,10:1:34:811,48.01,100
36094813,10:1:34:813,48,199
36094813,10:1:34:813,48,1
36094822,10:1:34:822,48.02,100
36094823,10:1:34:823,48.01,55
36094841,10:1:34:841,48.01,200
36100514,10:1:40:514,47.98,8
36100515,10:1:40:515,47.98,92
36100669,10:1:40:669,47.975,100
36100671,10:1:40:671,47.99,100
36110310,10:1:50:310,48,100
36116557,10:1:56:557,47.97,100
36117911,10:1:57:911,47.96,100
36117912,10:1:57:912,47.97,100
36121302,10:2:1:302,47.97,6
36121302,10:2:1:302,47.98,100
36121302,10:2:1:302,47.98,100
36121302,10:2:1:302,47.98,300
36121302,10:2:1:302,47.98,100
36121302,10:2:1:302,47.98,100
36121302,10:2:1:302,47.98,100
36121302,10:2:1:302,47.98,100
36121302,10:2:1:302,47.98,10
36121302,10:2:1:302,47.98,10
36125450,10:2:5:450,47.98,1
36127443,10:2:7:443,47.99,100
36127443,10:2:7:443,47.99,6
36128525,10:2:8:525,47.99,100
36128525,10:2:8:525,47.99,100
36128526,10:2:8:526,47.99,194
36128526,10:2:8:526,47.99,100
36128526,10:2:8:526,47.99,100
36129847,10:2:9:847,48.01,100
36137721,10:2:17:721,48.01,100
36137724,10:2:17:724,48.0199,100
36137886,10:2:17:886,48.02,100
36137886,10:2:17:886,48.02,200
36137886,10:2:17:886,48.02,200
36137886,10:2:17:886,48.02,100
36137886,10:2:17:886,48.02,100
36143495,10:2:23:495,48,42
36143496,10:2:23:496,48,58
36143496,10:2:23:496,48,100
36143501,10:2:23:501,48.005,300
36143502,10:2:23:502,48,320
36143504,10:2:23:504,48,45
36143505,10:2:23:505,48,100
36143509,10:2:23:509,48,275
36143619,10:2:23:619,48.01,100
36148912,10:2:28:912,47.99,100
36150869,10:2:30:869,48,387
36151141,10:2:31:141,47.99,387
36152429,10:2:32:429,47.99,213
36166058,10:2:46:58,47.99,1
36166534,10:2:46:534,48,100
36166536,10:2:46:536,48,100
36166536,10:2:46:536,48,100
36166536,10:2:46:536,48,200
36166536,10:2:46:536,48,100
36166582,10:2:46:582,48.01,100
36169948,10:2:49:948,48.005,100
36169948,10:2:49:948,48.005,300
36169949,10:2:49:949,48.005,100
36169949,10:2:49:949,48.005,100
36169953,10:2:49:953,48.005,300
36169953,10:2:49:953,47.99,400
36169953,10:2:49:953,48.005,100
36169954,10:2:49:954,47.99,300
36169955,10:2:49:955,47.99,300
36169955,10:2:49:955,48.005,200
36169956,10:2:49:956,47.99,400
36169956,10:2:49:956,48.02,100
36169958,10:2:49:958,47.99,300
36169958,10:2:49:958,47.99,300
36169958,10:2:49:958,47.99,100
36169959,10:2:49:959,47.99,300
36169960,10:2:49:960,47.99,100
36169962,10:2:49:962,47.99,1254
36169963,10:2:49:963,47.99,300
36169965,10:2:49:965,47.99,100
36169968,10:2:49:968,47.99,200
36169969,10:2:49:969,47.99,100
36169989,10:2:49:989,47.99,100
36170064,10:2:50:64,48.005,100
36170074,10:2:50:74,47.99,300
36170115,10:2:50:115,47.99,100
36170115,10:2:50:115,47.99,300
36170208,10:2:50:208,48.005,200
36170239,10:2:50:239,48.005,100
36170242,10:2:50:242,47.99,300
36171683,10:2:51:683,47.99,100
36171715,10:2:51:715,47.99,100
36172530,10:2:52:530,47.99,200
36172590,10:2:52:590,47.99,200
36177544,10:2:57:544,47.98,100
36177546,10:2:57:546,47.98,100
36177708,10:2:57:708,47.98,100
36181584,10:3:1:584,47.975,100
36188096,10:3:8:96,47.98,7
36188096,10:3:8:96,47.98,93
36190913,10:3:10:913,47.97,100
36191032,10:3:11:32,47.98,100
36193241,10:3:13:241,47.97,100
36193243,10:3:13:243,47.97,100
36193243,10:3:13:243,47.97,100
36193244,10:3:13:244,47.97,20
36193244,10:3:13:244,47.97,46
36193245,10:3:13:245,47.97,34
36193258,10:3:13:258,47.97,100
36193258,10:3:13:258,47.97,100
36193747,10:3:13:747,47.975,100
36197589,10:3:17:589,47.96,100
36197589,10:3:17:589,47.96,49
36197589,10:3:17:589,47.96,100
36197589,10:3:17:589,47.96,51
36197589,10:3:17:589,47.96,100
36197589,10:3:17:589,47.96,37
36197589,10:3:17:589,47.96,30
36197589,10:3:17:589,47.96,100
36197589,10:3:17:589,47.96,100
36197589,10:3:17:589,47.96,51
36197589,10:3:17:589,47.96,7
36197589,10:3:17:589,47.96,42
36197590,10:3:17:590,47.96,58
36197590,10:3:17:590,47.96,42
36197590,10:3:17:590,47.96,100
36197590,10:3:17:590,47.96,31
36197590,10:3:17:590,47.96,100
36197590,10:3:17:590,47.96,100
36197590,10:3:17:590,47.96,15
36197590,10:3:17:590,47.96,69
36197590,10:3:17:590,47.96,100
36197590,10:3:17:590,47.96,5
36197590,10:3:17:590,47.96,100
36197590,10:3:17:590,47.96,95
36197590,10:3:17:590,47.96,100
36197590,10:3:17:590,47.96,100
36197590,10:3:17:590,47.96,100
36197591,10:3:17:591,47.965,249
36197592,10:3:17:592,47.96,100
36197594,10:3:17:594,47.96,90
36197594,10:3:17:594,47.96,10
36197594,10:3:17:594,47.96,100
36197595,10:3:17:595,47.96,10
36197595,10:3:17:595,47.97,100
36197595,10:3:17:595,47.97,100
36197595,10:3:17:595,47.97,10
36197595,10:3:17:595,47.97,10
36197595,10:3:17:595,47.97,100
36197595,10:3:17:595,47.97,10
36197596,10:3:17:596,47.97,70
36197596,10:3:17:596,47.97,30
36197596,10:3:17:596,47.97,10
36197596,10:3:17:596,47.97,100
36197596,10:3:17:596,47.97,60
36197596,10:3:17:596,47.97,40
36197636,10:3:17:636,47.97,100
36197753,10:3:17:753,47.96,42
36197754,10:3:17:754,47.96,86
36198932,10:3:18:932,47.96,200
36198932,10:3:18:932,47.96,100
36198932,10:3:18:932,47.96,10
36198932,10:3:18:932,47.96,10
36198933,10:3:18:933,47.96,10
36198949,10:3:18:949,47.98,100
36212199,10:3:32:199,47.98,100
36212357,10:3:32:357,47.98,100
36212357,10:3:32:357,47.98,200
36212357,10:3:32:357,47.98,100
36214639,10:3:34:639,47.98,100
36214640,10:3:34:640,47.99,100
36216280,10:3:36:280,47.99,100
36216280,10:3:36:280,47.99,100
36219423,10:3:39:423,47.99,100
36219423,10:3:39:423,47.99,100
36219423,10:3:39:423,47.99,100
36219424,10:3:39:424,47.99,1
36219428,10:3:39:428,47.99,46
36222968,10:3:42:968,47.995,100
36222969,10:3:42:969,47.99,100
36223080,10:3:43:80,47.9975,100
36223178,10:3:43:178,47.99,100
36224143,10:3:44:143,47.995,300
36224145,10:3:44:145,47.995,100
36224147,10:3:44:147,47.995,100
36224148,10:3:44:148,47.995,300
36224343,10:3:44:343,47.995,100
36225209,10:3:45:209,47.99,100
36225210,10:3:45:210,47.99,100
36225214,10:3:45:214,47.99,100
36225216,10:3:45:216,47.99,100
36225218,10:3:45:218,47.99,1500
36225292,10:3:45:292,47.99,100
36225323,10:3:45:323,47.99,100
36225630,10:3:45:630,47.995,200
36225749,10:3:45:749,47.995,200
36226981,10:3:46:981,48,100
36226982,10:3:46:982,48,170
36226982,10:3:46:982,48,30
36231591,10:3:51:591,47.99,70
36232013,10:3:52:13,47.99,100
36232013,10:3:52:13,47.99,100
36232019,10:3:52:19,47.99,100
36237362,10:3:57:362,47.985,200
36237930,10:3:57:930,47.9833,50
36237931,10:3:57:931,47.98,100
36237931,10:3:57:931,47.98,200
36237931,10:3:57:931,47.985,1
36237931,10:3:57:931,47.98,99
36237931,10:3:57:931,47.98,100
36237931,10:3:57:931,47.98,1
36237931,10:3:57:931,47.98,54
36237931,10:3:57:931,47.98,100
36237931,10:3:57:931,47.98,100
36237933,10:3:57:933,47.985,100
36237935,10:3:57:935,47.98,46
36247005,10:4:7:5,47.96,7
36249322,10:4:9:322,47.96,100
36249843,10:4:9:843,47.94,200
36249846,10:4:9:846,47.94,200
36249971,10:4:9:971,47.94,200
36250017,10:4:10:17,47.93,400
36250220,10:4:10:220,47.95,100
36250220,10:4:10:220,47.95,100
36250223,10:4:10:223,47.9595,100
36250223,10:4:10:223,47.9595,100
36255121,10:4:15:121,47.96,700
36256126,10:4:16:126,47.94,150
36256641,10:4:16:641,47.96,100
36256642,10:4:16:642,47.96,100
36260229,10:4:20:229,47.935,200
36262750,10:4:22:750,47.94,27
36265935,10:4:25:935,47.94,100
36267020,10:4:27:20,47.94,3
36270599,10:4:30:599,47.95,100
36274374,10:4:34:374,47.94,100
36274951,10:4:34:951,47.95,100
36275032,10:4:35:32,47.94,1
36281181,10:4:41:181,47.95,100
36281181,10:4:41:181,47.95,100
36281181,10:4:41:181,47.95,200
36281181,10:4:41:181,47.96,100
36281181,10:4:41:181,47.96,100
36281182,10:4:41:182,47.97,100
36281182,10:4:41:182,47.97,100
36288538,10:4:48:538,47.95,100
36294175,10:4:54:175,47.98,100
36294176,10:4:54:176,47.98,100
36294177,10:4:54:177,47.98,100
36294178,10:4:54:178,47.98,100
36294178,10:4:54:178,47.98,100
36294181,10:4:54:181,47.98,100
36298762,10:4:58:762,47.98,200
36298762,10:4:58:762,47.98,100
36298762,10:4:58:762,47.98,100
36298762,10:4:58:762,47.98,100
36298766,10:4:58:766,47.99,100
36298801,10:4:58:801,48,100
36301023,10:5:1:23,47.98,100
36302414,10:5:2:414,47.9975,500
36302414,10:5:2:414,47.995,200
36302527,10:5:2:527,47.995,200
36303582,10:5:3:582,48,100
36303595,10:5:3:595,48,100
36303604,10:5:3:604,48,200
36303715,10:5:3:715,48,500
36303724,10:5:3:724,48.01,100
36303764,10:5:3:764,48,100
36304004,10:5:4:4,48.01,100
36304095,10:5:4:95,48,30
36304111,10:5:4:111,47.9905,30
36305322,10:5:5:322,48,500
36305357,10:5:5:357,48,5100
36305360,10:5:5:360,48.01,100
36305371,10:5:5:371,48,100
36305395,10:5:5:395,48,400
36305401,10:5:5:401,48,100
36305484,10:5:5:484,48,500
36305514,10:5:5:514,48,1100
36305524,10:5:5:524,48.01,100
36305735,10:5:5:735,48.03,100
36308995,10:5:8:995,47.99,1
36314890,10:5:14:890,47.995,200
36314909,10:5:14:909,47.99,800
36326582,10:5:26:582,47.99,1
36326583,10:5:26:583,47.99,99
36326583,10:5:26:583,47.99,99
36330034,10:5:30:34,47.99,54
36330034,10:5:30:34,47.99,46
36330034,10:5:30:34,47.99,100
36330034,10:5:30:34,47.99,100
36330034,10:5:30:34,47.99,54
36330034,10:5:30:34,47.99,100
36330034,10:5:30:34,47.99,100
36330034,10:5:30:34,47.99,294
36330034,10:5:30:34,47.99,6
36330034,10:5:30:34,47.99,100
36330036,10:5:30:36,47.98,100
36330037,10:5:30:37,47.98,100
36330037,10:5:30:37,47.98,100
36330038,10:5:30:38,48,150
36330038,10:5:30:38,47.99,50
36330042,10:5:30:42,47.99,100
36330063,10:5:30:63,47.995,100
36330117,10:5:30:117,47.995,100
36331377,10:5:31:377,47.98,100
36331377,10:5:31:377,47.98,100
36331377,10:5:31:377,47.98,100
36333518,10:5:33:518,47.99,100
36333518,10:5:33:518,47.99,100
36333519,10:5:33:519,47.99,100
36334360,10:5:34:360,48,100
36334467,10:5:34:467,47.985,1500
36335207,10:5:35:207,48,100
36336978,10:5:36:978,48.01,6
36341252,10:5:41:252,47.97,500
36341392,10:5:41:392,48,100
36378705,10:6:18:705,48.005,100
36404699,10:6:44:699,48,100
36404699,10:6:44:699,48,10
36404699,10:6:44:699,48,10
36404699,10:6:44:699,48,10
36404699,10:6:44:699,48,100
36404699,10:6:44:699,48,100
36404699,10:6:44:699,48,10
36404699,10:6:44:699,48.01,141
36404699,10:6:44:699,48.01,59
36404699,10:6:44:699,48.01,100
36404699,10:6:44:699,48.01,100
36404699,10:6:44:699,48.01,100
36404699,10:6:44:699,48.01,200
36404699,10:6:44:699,48.01,6
36404699,10:6:44:699,48.01,72
36404699,10:6:44:699,48.01,28
36404699,10:6:44:699,48.01,100
36404701,10:6:44:701,48.01,100
36404708,10:6:44:708,48.01,200
36404724,10:6:44:724,48.01,100
36404725,10:6:44:725,48.01,100
36404944,10:6:44:944,48.005,100
36405159,10:6:45:159,48,100
36405159,10:6:45:159,48,6
36405159,10:6:45:159,48,6
36405160,10:6:45:160,47.99,100
36405208,10:6:45:208,47.99,100
36406697,10:6:46:697,48,100
36406697,10:6:46:697,48,100
36406697,10:6:46:697,48,10
36406697,10:6:46:697,48,10
36406698,10:6:46:698,48.01,100
36406698,10:6:46:698,48.01,100
36406698,10:6:46:698,48.005,100
36406698,10:6:46:698,48.01,100
36406698,10:6:46:698,48.02,100
36406698,10:6:46:698,48.01,100
36425467,10:7:5:467,48.02,100
36425467,10:7:5:467,48.02,100
36425467,10:7:5:467,48.02,100
36425467,10:7:5:467,48.02,100
36425467,10:7:5:467,48.02,100
36425467,10:7:5:467,48.02,100
36425467,10:7:5:467,48.02,100
36425467,10:7:5:467,48.02,100
36425468,10:7:5:468,48.03,100
36425468,10:7:5:468,48.02,20
36425468,10:7:5:468,48.02,80
36425608,10:7:5:608,48.02,200
36426911,10:7:6:911,48.01,100
36426918,10:7:6:918,48.01,100
36432483,10:7:12:483,48.02,100
36434877,10:7:14:877,48.02,100
36435026,10:7:15:26,48.02,100
36437944,10:7:17:944,48.02,100
36438407,10:7:18:407,48.02,100
36438597,10:7:18:597,48.02,200
36451437,10:7:31:437,48.0101,47
36453911,10:7:33:911,48.01,100
36459415,10:7:39:415,48.01,1
36459415,10:7:39:415,48.01,99
36459415,10:7:39:415,48.01,1
36459415,10:7:39:415,48.01,99
36459415,10:7:39:415,48.01,1
36459416,10:7:39:416,48.01,100
36459416,10:7:39:416,48.01,120
36459416,10:7:39:416,48.01,80
36459416,10:7:39:416,48.015,100
36459416,10:7:39:416,48,10
36459422,10:7:39:422,48.01,168
36459478,10:7:39:478,48.01,100
36463751,10:7:43:751,48.01,100
36463751,10:7:43:751,48.01,100
36463751,10:7:43:751,48.01,100
36463751,10:7:43:751,48.01,100
36463754,10:7:43:754,48.02,200
36463754,10:7:43:754,48.02,100
36463754,10:7:43:754,48.02,100
36463754,10:7:43:754,48.02,99
36463754,10:7:43:754,48.02,21
36463754,10:7:43:754,48.02,1
36463755,10:7:43:755,48.02,5
36463755,10:7:43:755,48.02,100
36463764,10:7:43:764,48.02,74
36463764,10:7:43:764,48.03,26
36467912,10:7:47:912,48,100
36467913,10:7:47:913,48,100
36469104,10:7:49:104,48.01,100
36471200,10:7:51:200,48,10
36471200,10:7:51:200,48,90
36479305,10:7:59:305,48.01,200
36485541,10:8:5:541,48,90
36485541,10:8:5:541,48,200
36485542,10:8:5:542,47.99,100
36486018,10:8:6:18,47.99,100
36486019,10:8:6:19,47.99,200
36486019,10:8:6:19,47.99,170
36486020,10:8:6:20,47.99,30
36486022,10:8:6:22,47.99,100
36486070,10:8:6:70,47.98,100
36486070,10:8:6:70,47.98,6
36486071,10:8:6:71,47.98,100
36486072,10:8:6:72,47.98,100
36488048,10:8:8:48,47.98,100
36488050,10:8:8:50,47.98,94
36488050,10:8:8:50,47.98,100
36488052,10:8:8:52,47.99,94
36488343,10:8:8:343,47.99,100
36488343,10:8:8:343,47.99,6
36488344,10:8:8:344,47.99,94
36488344,10:8:8:344,47.99,6
36499371,10:8:19:371,48,100
36517396,10:8:37:396,47.99,100
36517396,10:8:37:396,47.99,100
36517396,10:8:37:396,47.99,94
36517396,10:8:37:396,47.99,6
36520757,10:8:40:757,48.01,200
36520757,10:8:40:757,48.01,800
36520757,10:8:40:757,48.01,200
36520757,10:8:40:757,48.01,100
36520757,10:8:40:757,48.01,100
36520757,10:8:40:757,48.01,100
36520770,10:8:40:770,48.01,100
36520770,10:8:40:770,48.01,100
36521480,10:8:41:480,48.01,200
36521596,10:8:41:596,48.01,100
36522750,10:8:42:750,48.02,100
36522808,10:8:42:808,48.01,100
36522846,10:8:42:846,48.01,68
36522870,10:8:42:870,48.02,68
36522881,10:8:42:881,48.02,100
36522881,10:8:42:881,48.02,100
36522881,10:8:42:881,48.02,100
36522925,10:8:42:925,48.02,400
36522926,10:8:42:926,48.02,100
36522926,10:8:42:926,48.02,32
36522945,10:8:42:945,48.02,100
36523083,10:8:43:83,48.02,100
36523083,10:8:43:83,48.015,100
36523091,10:8:43:91,48.015,100
36523094,10:8:43:94,48.02,100
36523828,10:8:43:828,48,100
36524978,10:8:44:978,48.03,100
36524978,10:8:44:978,48.03,100
36524978,10:8:44:978,48.03,100
36526078,10:8:46:78,48.045,200
36526102,10:8:46:102,48.045,200
36526126,10:8:46:126,48.045,100
36526190,10:8:46:190,48.045,100
36526513,10:8:46:513,48.06,100
36526513,10:8:46:513,48.06,100
36526514,10:8:46:514,48.06,100
36526514,10:8:46:514,48.06,100
36526515,10:8:46:515,48.06,100
36526634,10:8:46:634,48.08,100
36527365,10:8:47:365,48.065,100
36527921,10:8:47:921,48.065,200
36528262,10:8:48:262,48.065,200
36528279,10:8:48:279,48.065,100
36528291,10:8:48:291,48.065,100
36528312,10:8:48:312,48.08,31
36528350,10:8:48:350,48.065,100
36528382,10:8:48:382,48.065,100
36528443,10:8:48:443,48.065,100
36529112,10:8:49:112,48.05,100
36529113,10:8:49:113,48.05,100
36529444,10:8:49:444,48.05,100
36530529,10:8:50:529,48.065,1000
36530532,10:8:50:532,48.05,1000
36530695,10:8:50:695,48.065,1000
36532479,10:8:52:479,48.08,100
36532635,10:8:52:635,48.05,200
36532635,10:8:52:635,48.05,100
36532635,10:8:52:635,48.05,100
36532635,10:8:52:635,48.05,100
36532636,10:8:52:636,48.05,100
36532636,10:8:52:636,48.05,100
36532637,10:8:52:637,48.04,53
36532638,10:8:52:638,48.04,47
36532752,10:8:52:752,48.05,100
36533938,10:8:53:938,48.04,100
36542715,10:9:2:715,48.03,100
36542717,10:9:2:717,48.03,100
36542721,10:9:2:721,48.03,100
36542830,10:9:2:830,48.03,100
36543281,10:9:3:281,48.02,200
36546794,10:9:6:794,48.03,5
36551946,10:9:11:946,48.03,100
36551946,10:9:11:946,48.03,100
36555761,10:9:15:761,48.03,100
36557708,10:9:17:708,48.03,6
36562656,10:9:22:656,48.03,21
36565656,10:9:25:656,48.03,200
36565658,10:9:25:658,48.03,100
36569756,10:9:29:756,48.03,73
36569761,10:9:29:761,48.02,100
36569764,10:9:29:764,48.02,200
36570669,10:9:30:669,48.03,100
36572915,10:9:32:915,48.03,100
36578599,10:9:38:599,48.03,200
36578602,10:9:38:602,48.03,100
36578602,10:9:38:602,48.03,100
36578603,10:9:38:603,48.03,200
36578603,10:9:38:603,48.03,100
36578603,10:9:38:603,48.03,94
36582611,10:9:42:611,48.03,100
36582614,10:9:42:614,48.03,100
36582616,10:9:42:616,48.02,31
36583732,10:9:43:732,48.03,100
36587846,10:9:47:846,48.03,100
36598461,10:9:58:461,48.03,540
36605124,10:10:5:124,48.03,40
36605142,10:10:5:142,48.03,100
36605143,10:10:5:143,48.02,100
36605143,10:10:5:143,48.03,68
36605147,10:10:5:147,48.03,100
36605147,10:10:5:147,48.03,100
36605147,10:10:5:147,48.03,24
36605147,10:10:5:147,48.03,100
36605147,10:10:5:147,48.03,100
36605159,10:10:5:159,48.025,100
36607555,10:10:7:555,48.03,100
36607556,10:10:7:556,48.03,100
36607557,10:10:7:557,48.03,100
36612565,10:10:12:565,48.02,200
36618808,10:10:18:808,48.03,100
36630812,10:10:30:812,48.03,3
36631912,10:10:31:912,48.03,4
36638885,10:10:38:885,48.03,5
36643735,10:10:43:735,48.03,100
36643736,10:10:43:736,48.03,100
36643736,10:10:43:736,48.03,295
36649753,10:10:49:753,48.03,200
36651219,10:10:51:219,48.025,100
36651220,10:10:51:220,48.025,100
36651220,10:10:51:220,48.0298,100
36651224,10:10:51:224,48.0298,100
36651242,10:10:51:242,48.025,100
36651245,10:10:51:245,48.0298,100
36651247,10:10:51:247,48.025,100
36651250,10:10:51:250,48.0298,100
36651825,10:10:51:825,48.025,100
36652912,10:10:52:912,48.025,100
36652915,10:10:52:915,48.0298,100
36653271,10:10:53:271,48.0215,100
36653272,10:10:53:272,48.0215,100
36653273,10:10:53:273,48.0215,100
36653274,10:10:53:274,48.0215,100
36653276,10:10:53:276,48.0215,100
36659224,10:10:59:224,48.025,12
36659227,10:10:59:227,48.0298,12
36660429,10:11:0:429,48.03,100
36660430,10:11:0:430,48.03,100
36660498,10:11:0:498,48.03,200
36662648,10:11:2:648,48.02,200
36667158,10:11:7:158,48.04,200
36667178,10:11:7:178,48.04,100
36667179,10:11:7:179,48.04,2
36667181,10:11:7:181,48.04,2
36667299,10:11:7:299,48.04,100
36667299,10:11:7:299,48.04,100
36667299,10:11:7:299,48.04,100
36667299,10:11:7:299,48.04,5
36667309,10:11:7:309,48.04,6
36671058,10:11:11:58,48.04,100
36671058,10:11:11:58,48.04,100
36671130,10:11:11:130,48.05,100
36671130,10:11:11:130,48.05,300
36671541,10:11:11:541,48.06,100
36677345,10:11:17:345,48.05,100
36677363,10:11:17:363,48.05,100
36677363,10:11:17:363,48.05,100
36680609,10:11:20:609,48.07,100
36680615,10:11:20:615,48.07,100
36680624,10:11:20:624,48.07,100
36680682,10:11:20:682,48.07,609
36680815,10:11:20:815,48.07,100
36680898,10:11:20:898,48.07,1200
36680993,10:11:20:993,48.07,914
36683255,10:11:23:255,48.05,100
36683255,10:11:23:255,48.05,32
36683255,10:11:23:255,48.05,100
36689047,10:11:29:47,48.03,100
36690037,10:11:30:37,48.03,81
36699809,10:11:39:809,48.03,100
36704001,10:11:44:1,48.015,100
36704004,10:11:44:4,48.0198,100
36704029,10:11:44:29,48.015,100
36704033,10:11:44:33,48.0198,100
36704319,10:11:44:319,48.02,1
36707004,10:11:47:4,48.02,99
36707013,10:11:47:13,48.03,100
36707014,10:11:47:14,48.03,100
36707022,10:11:47:22,48.04,100
36707023,10:11:47:23,48.04,100
36707041,10:11:47:41,48.02,100
36710315,10:11:50:315,48.0054,400
36716128,10:11:56:128,48.03,100
36716607,10:11:56:607,48.02,200
36730115,10:12:10:115,48.02,100
36732776,10:12:12:776,48.03,5
36737641,10:12:17:641,48.0299,2
36771731,10:12:51:731,48.03,100
36771868,10:12:51:868,48.03,100
36771868,10:12:51:868,48.03,96
36771868,10:12:51:868,48.03,200
36771868,10:12:51:868,48.03,100
36771868,10:12:51:868,48.03,100
36779425,10:12:59:425,48.05,100
36781119,10:13:1:119,48.04,100
36781120,10:13:1:120,48.04,100
36781120,10:13:1:120,48.04,200
36781120,10:13:1:120,48.04,100
36784607,10:13:4:607,48.04,5
36785616,10:13:5:616,48.04,100
36785616,10:13:5:616,48.04,195
36785619,10:13:5:619,48.05,100
36787157,10:13:7:157,48.06,100
36787158,10:13:7:158,48.06,100
36788032,10:13:8:32,48.06,102
36789505,10:13:9:505,48.08,100
36789505,10:13:9:505,48.08,100
36792202,10:13:12:202,48.08,8
36792333,10:13:12:333,48.08,100
36794403,10:13:14:403,48.08,100
36794409,10:13:14:409,48.08,100
36794561,10:13:14:561,48.08,100
36798428,10:13:18:428,48.07,1197
36798430,10:13:18:430,48.07,100
36798430,10:13:18:430,48.07,100
36801737,10:13:21:737,48.06,157
36843622,10:14:3:622,48.04,100
36843623,10:14:3:623,48.04,100
36843623,10:14:3:623,48.04,100
36865509,10:14:25:509,48.04,4
36865552,10:14:25:552,48.04,100
36876465,10:14:36:465,48.04,3
36891351,10:14:51:351,48.035,200
36895431,10:14:55:431,48.04,1
36895714,10:14:55:714,48.04,99
36895714,10:14:55:714,48.04,1
36895714,10:14:55:714,48.04,99
36900560,10:15:0:560,48.04,100
36902044,10:15:2:44,48.04,100
36902860,10:15:2:860,48.04,100
36902860,10:15:2:860,48.04,450
36902860,10:15:2:860,48.04,100
36902860,10:15:2:860,48.04,100
36904927,10:15:4:927,48.05,100
36904927,10:15:4:927,48.05,100
36907791,10:15:7:791,48.04,5
36908522,10:15:8:522,48.04,100
36908522,10:15:8:522,48.04,100
36908522,10:15:8:522,48.04,100
36908522,10:15:8:522,48.04,100
36908522,10:15:8:522,48.04,100
36908523,10:15:8:523,48.04,100
36908523,10:15:8:523,48.04,100
36908523,10:15:8:523,48.04,100
36908540,10:15:8:540,48.04,45
36908543,10:15:8:543,48.04,100
36908543,10:15:8:543,48.04,55
36914293,10:15:14:293,48.04,100
36914327,10:15:14:327,48.04,100
36914327,10:15:14:327,48.04,1
36914327,10:15:14:327,48.04,100
36919976,10:15:19:976,48.04,100
36919976,10:15:19:976,48.04,100
36919976,10:15:19:976,48.04,100
36919976,10:15:19:976,48.04,100
36919976,10:15:19:976,48.04,100
36919976,10:15:19:976,48.04,100
36919978,10:15:19:978,48.05,100
36919978,10:15:19:978,48.05,300
36919978,10:15:19:978,48.05,100
36919978,10:15:19:978,48.05,100
36920510,10:15:20:510,48.06,100
36924860,10:15:24:860,48.06,5
36924860,10:15:24:860,48.06,95
36930878,10:15:30:878,48.07,100
36932783,10:15:32:783,48.07,100
36933613,10:15:33:613,48.07,100
36933613,10:15:33:613,48.07,1600
36935567,10:15:35:567,48.07,200
36935711,10:15:35:711,48.07,100
36937782,10:15:37:782,48.07,100
36942033,10:15:42:33,48.06,100
36948235,10:15:48:235,48.06,628
36959398,10:15:59:398,48.05,100
36959401,10:15:59:401,48.05,200
36971319,10:16:11:319,48.04,4
36973918,10:16:13:918,48.03,2000
36982954,10:16:22:954,48.025,6
36982956,10:16:22:956,48.03,6
36983690,10:16:23:690,48.025,2
36983693,10:16:23:693,48.0298,2
36984125,10:16:24:125,48.03,100
36984125,10:16:24:125,48.03,100
36991688,10:16:31:688,48.03,15
36991693,10:16:31:693,48.03,100
37015273,10:16:55:273,48.0275,400
37020019,10:17:0:19,48.04,10
37020019,10:17:0:19,48.04,100
37020019,10:17:0:19,48.04,90
37020020,10:17:0:20,48.04,100
37020020,10:17:0:20,48.04,100
37020020,10:17:0:20,48.04,100
37020020,10:17:0:20,48.04,100
37020020,10:17:0:20,48.04,100
37020022,10:17:0:22,48.06,200
37046889,10:17:26:889,48.05,9
37046889,10:17:26:889,48.05,100
37046889,10:17:26:889,48.05,91
37046889,10:17:26:889,48.05,100
37048759,10:17:28:759,48.06,100
37048760,10:17:28:760,48.06,100
37057421,10:17:37:421,48.07,100
37057421,10:17:37:421,48.07,100
37057421,10:17:37:421,48.07,100
37057421,10:17:37:421,48.07,100
37057447,10:17:37:447,48.09,100
37057447,10:17:37:447,48.09,100
37057447,10:17:37:447,48.09,100
37065351,10:17:45:351,48.1,100
37065351,10:17:45:351,48.1,200
37065351,10:17:45:351,48.1,100
37065351,10:17:45:351,48.1,86
37065351,10:17:45:351,48.1,10
37065351,10:17:45:351,48.1,100
37065536,10:17:45:536,48.1,2
37078519,10:17:58:519,48.11,30
37078519,10:17:58:519,48.11,100
37078519,10:17:58:519,48.11,70
37078519,10:17:58:519,48.11,100
37078519,10:17:58:519,48.11,100
37078519,10:17:58:519,48.1,100
37078519,10:17:58:519,48.11,94
37078865,10:17:58:865,48.11,100
37079343,10:17:59:343,48.11,100
37092129,10:18:12:129,48.12,100
37092129,10:18:12:129,48.12,100
37092153,10:18:12:153,48.13,100
37092166,10:18:12:166,48.13,100
37092171,10:18:12:171,48.14,100
37095502,10:18:15:502,48.13,4
37095986,10:18:15:986,48.13,100
37097179,10:18:17:179,48.125,20
37097182,10:18:17:182,48.1298,20
37108060,10:18:28:60,48.13,100
37108060,10:18:28:60,48.13,100
37108060,10:18:28:60,48.13,100
37108060,10:18:28:60,48.13,10
37108063,10:18:28:63,48.15,100
37108063,10:18:28:63,48.15,94
37108063,10:18:28:63,48.14,200
37108065,10:18:28:65,48.15,100
37108066,10:18:28:66,48.15,6
37108067,10:18:28:67,48.15,1
37108068,10:18:28:68,48.16,100
37108068,10:18:28:68,48.15,94
37108069,10:18:28:69,48.16,100
37108069,10:18:28:69,48.16,100
37108069,10:18:28:69,48.16,100
37108070,10:18:28:70,48.16,100
37108080,10:18:28:80,48.16,100
37108099,10:18:28:99,48.15,100
37108100,10:18:28:100,48.15,49
37108112,10:18:28:112,48.16,100
37108112,10:18:28:112,48.16,90
37109259,10:18:29:259,48.16,100
37113541,10:18:33:541,48.16,100
37113541,10:18:33:541,48.16,200
37113541,10:18:33:541,48.16,10
37113541,10:18:33:541,48.16,290
37113542,10:18:33:542,48.16,10
37116598,10:18:36:598,48.17,29
37117793,10:18:37:793,48.19,100
37118995,10:18:38:995,48.19,57
37127688,10:18:47:688,48.19,2
37165839,10:19:25:839,48.15,100
37165840,10:19:25:840,48.15,100
37165840,10:19:25:840,48.15,200
37165840,10:19:25:840,48.15,200
37165840,10:19:25:840,48.165,100
37165842,10:19:25:842,48.165,100
37165843,10:19:25:843,48.165,100
37165845,10:19:25:845,48.15,193
37165955,10:19:25:955,48.15,100
37169958,10:19:29:958,48.15,100
37184652,10:19:44:652,48.14,100
37184831,10:19:44:831,48.15,100
37184894,10:19:44:894,48.14,100
37226207,10:20:26:207,48.14,100
37226207,10:20:26:207,48.14,200
37226207,10:20:26:207,48.14,100
37226208,10:20:26:208,48.14,100
37226208,10:20:26:208,48.14,200
37226209,10:20:26:209,48.15,200
37226215,10:20:26:215,48.14,500
37226613,10:20:26:613,48.12,100
37226861,10:20:26:861,48.12,100
37228297,10:20:28:297,48.12,7
37243616,10:20:43:616,48.1,300
37243617,10:20:43:617,48.1,93
37243617,10:20:43:617,48.095,100
37243617,10:20:43:617,48.1,100
37243617,10:20:43:617,48.1,100
37243618,10:20:43:618,48.11,100
37243618,10:20:43:618,48.11,100
37243622,10:20:43:622,48.11,20
37243623,10:20:43:623,48.1,100
37243716,10:20:43:716,48.11,100
37264058,10:21:4:58,48.11,3
37265380,10:21:5:380,48.11,100
37266646,10:21:6:646,48.11,100
37266646,10:21:6:646,48.11,97
37266646,10:21:6:646,48.11,100
37266933,10:21:6:933,48.12,6
37266933,10:21:6:933,48.12,10
37266974,10:21:6:974,48.12,100
37270796,10:21:10:796,48.12,100
37270796,10:21:10:796,48.12,6
37270842,10:21:10:842,48.13,100
37270843,10:21:10:843,48.13,100
37271805,10:21:11:805,48.14,100
37273265,10:21:13:265,48.13,100
37273267,10:21:13:267,48.13,6
37279299,10:21:19:299,48.15,94
37284806,10:21:24:806,48.13,100
37297459,10:21:37:459,48.14,10
37300229,10:21:40:229,48.14,200
37300229,10:21:40:229,48.14,190
37300230,10:21:40:230,48.14,100
37300230,10:21:40:230,48.14,100
37300252,10:21:40:252,48.15,100
37310357,10:21:50:357,48.0827,300
37310374,10:21:50:374,48.15,40
37310386,10:21:50:386,48.15,55
37325004,10:22:5:4,48.1562,400
37333852,10:22:13:852,48.15,100
37333852,10:22:13:852,48.15,100
37333852,10:22:13:852,48.15,12
37333852,10:22:13:852,48.15,100
37333853,10:22:13:853,48.15,60
37333853,10:22:13:853,48.15,100
37333853,10:22:13:853,48.155,150
37333855,10:22:13:855,48.14,100
37333855,10:22:13:855,48.14,100
37333857,10:22:13:857,48.14,100
37333862,10:22:13:862,48.155,228
37333865,10:22:13:865,48.14,100
37333893,10:22:13:893,48.14,100
37333937,10:22:13:937,48.1525,100
37333941,10:22:13:941,48.1525,100
37334015,10:22:14:15,48.155,100
37335824,10:22:15:824,48.15,100
37335824,10:22:15:824,48.15,200
37335824,10:22:15:824,48.15,100
37335825,10:22:15:825,48.16,89
37335825,10:22:15:825,48.16,100
37335825,10:22:15:825,48.16,11
37335825,10:22:15:825,48.16,100
37335825,10:22:15:825,48.16,12
37335825,10:22:15:825,48.16,88
37335825,10:22:15:825,48.16,100
37345469,10:22:25:469,48.18,3
37348378,10:22:28:378,48.18,100
37348378,10:22:28:378,48.18,197
37348378,10:22:28:378,48.18,3
37348379,10:22:28:379,48.18,97
37348379,10:22:28:379,48.18,3
37348379,10:22:28:379,48.18,7
37352042,10:22:32:42,48.18,10
37353734,10:22:33:734,48.18,90
37358695,10:22:38:695,48.18,200
37358696,10:22:38:696,48.18,100
37358696,10:22:38:696,48.18,100
37358696,10:22:38:696,48.18,10
37358696,10:22:38:696,48.18,100
37358706,10:22:38:706,48.18,100
37375568,10:22:55:568,48.18,100
37375569,10:22:55:569,48.18,100
37382357,10:23:2:357,48.175,200
37383916,10:23:3:916,48.17,10
37383916,10:23:3:916,48.17,10
37383916,10:23:3:916,48.17,80
37383916,10:23:3:916,48.17,10
37383917,10:23:3:917,48.16,100
37383925,10:23:3:925,48.175,100
37386437,10:23:6:437,48.16,100
37386713,10:23:6:713,48.155,200
37390791,10:23:10:791,48.15,3
37392580,10:23:12:580,48.13,300
37397276,10:23:17:276,48.1399,20
37398600,10:23:18:600,48.12,100
37398601,10:23:18:601,48.13,100
37398601,10:23:18:601,48.13,100
37398601,10:23:18:601,48.13,100
37398602,10:23:18:602,48.14,100
37398602,10:23:18:602,48.14,100
37398602,10:23:18:602,48.14,200
37398602,10:23:18:602,48.14,100
37398603,10:23:18:603,48.14,100
37398713,10:23:18:713,48.125,100
37400087,10:23:20:87,48.15,100
37400128,10:23:20:128,48.16,100
37401687,10:23:21:687,48.16,100
37401687,10:23:21:687,48.16,100
37402469,10:23:22:469,48.16,200
37402706,10:23:22:706,48.1501,2
37405067,10:23:25:67,48.17,100
37405068,10:23:25:68,48.17,100
37405068,10:23:25:68,48.17,10
37405068,10:23:25:68,48.17,10
37405068,10:23:25:68,48.18,100
37405068,10:23:25:68,48.18,100
37405068,10:23:25:68,48.18,80
37407476,10:23:27:476,48.16,100
37407476,10:23:27:476,48.16,100
37407477,10:23:27:477,48.16,100
37407610,10:23:27:610,48.16,100
37407654,10:23:27:654,48.16,100
37409289,10:23:29:289,48.165,300
37409295,10:23:29:295,48.165,200
37409305,10:23:29:305,48.165,100
37409345,10:23:29:345,48.165,200
37410078,10:23:30:78,48.16,5
37410078,10:23:30:78,48.16,100
37410079,10:23:30:79,48.16,7
37410162,10:23:30:162,48.16,200
37411541,10:23:31:541,48.155,100
37411670,10:23:31:670,48.155,200
37414239,10:23:34:239,48.16,100
37414239,10:23:34:239,48.16,100
37414239,10:23:34:239,48.16,100
37414241,10:23:34:241,48.17,100
37414244,10:23:34:244,48.19,100
37414244,10:23:34:244,48.18,100
37414244,10:23:34:244,48.19,100
37414246,10:23:34:246,48.19,100
37414249,10:23:34:249,48.2,100
37414250,10:23:34:250,48.2,1023
37414250,10:23:34:250,48.2,100
37414250,10:23:34:250,48.2,100
37414378,10:23:34:378,48.19,78
37418893,10:23:38:893,48.175,150
37425428,10:23:45:428,48.18,100
37425428,10:23:45:428,48.18,100
37425428,10:23:45:428,48.18,10
37425429,10:23:45:429,48.18,10
37425429,10:23:45:429,48.19,100
37425430,10:23:45:430,48.2,100
37436012,10:23:56:12,48.2,30
37436286,10:23:56:286,48.2,283
37437902,10:23:57:902,48.2,100
37447543,10:24:7:543,48.2,100
37447544,10:24:7:544,48.2,100
37447546,10:24:7:546,48.2,100
37447550,10:24:7:550,48.2,100
37447579,10:24:7:579,48.2,100
37450016,10:24:10:16,48.19,200
37450016,10:24:10:16,48.19,100
37450016,10:24:10:16,48.19,100
37450016,10:24:10:16,48.19,100
37450018,10:24:10:18,48.195,200
37450018,10:24:10:18,48.195,100
37450019,10:24:10:19,48.195,297
37450020,10:24:10:20,48.19,100
37450022,10:24:10:22,48.19,200
37450028,10:24:10:28,48.195,100
37452747,10:24:12:747,48.19,100
37452747,10:24:12:747,48.19,59
37452748,10:24:12:748,48.19,41
37452748,10:24:12:748,48.19,100
37452756,10:24:12:756,48.2,200
37452773,10:24:12:773,48.2,100
37455256,10:24:15:256,48.21,100
37455256,10:24:15:256,48.21,100
37455256,10:24:15:256,48.21,10
37455257,10:24:15:257,48.22,50
37455257,10:24:15:257,48.22,150
37455257,10:24:15:257,48.22,100
37456004,10:24:16:4,48.2075,100
37456333,10:24:16:333,48.2,100
37456974,10:24:16:974,48.215,300
37457214,10:24:17:214,48.2,18
37457349,10:24:17:349,48.22,3
37459566,10:24:19:566,48.21,90
37459567,10:24:19:567,48.21,37
37459567,10:24:19:567,48.21,73
37459582,10:24:19:582,48.21,73
37464001,10:24:24:1,48.22,97
37476809,10:24:36:809,48.23,100
37476877,10:24:36:877,48.23,100
37476984,10:24:36:984,48.23,100
37477049,10:24:37:49,48.23,100
37479873,10:24:39:873,48.24,4
37480069,10:24:40:69,48.24,9
37480380,10:24:40:380,48.24,200
37480380,10:24:40:380,48.24,100
37480380,10:24:40:380,48.24,87
37480380,10:24:40:380,48.24,13
37480381,10:24:40:381,48.24,81
37480430,10:24:40:430,48.24,100
37480531,10:24:40:531,48.25,100
37484002,10:24:44:2,48.23,200
37484002,10:24:44:2,48.23,1
37484002,10:24:44:2,48.23,99
37484002,10:24:44:2,48.23,100
37484002,10:24:44:2,48.23,100
37484002,10:24:44:2,48.23,1
37484002,10:24:44:2,48.23,3
37484002,10:24:44:2,48.23,100
37484002,10:24:44:2,48.23,100
37484002,10:24:44:2,48.23,100
37484003,10:24:44:3,48.22,100
37484003,10:24:44:3,48.22,37
37484003,10:24:44:3,48.22,63
37484003,10:24:44:3,48.22,37
37484003,10:24:44:3,48.22,63
37484004,10:24:44:4,48.22,200
37484004,10:24:44:4,48.24,100
37484004,10:24:44:4,48.23,200
37484010,10:24:44:10,48.22,200
37484065,10:24:44:65,48.21,100
37484065,10:24:44:65,48.21,100
37484630,10:24:44:630,48.21,163
37484760,10:24:44:760,48.21,100
37497256,10:24:57:256,48.22,25
37503780,10:25:3:780,48.2,100
37503780,10:25:3:780,48.2,172
37503780,10:25:3:780,48.2,46
37503780,10:25:3:780,48.2,100
37503780,10:25:3:780,48.2,154
37503780,10:25:3:780,48.2,100
37503780,10:25:3:780,48.2,4
37503780,10:25:3:780,48.2,28
37503780,10:25:3:780,48.2,100
37503780,10:25:3:780,48.2,1
37503781,10:25:3:781,48.2,61
37503781,10:25:3:781,48.2,99
37503781,10:25:3:781,48.2,39
37503781,10:25:3:781,48.2,61
37503782,10:25:3:782,48.21,100
37503783,10:25:3:783,48.21,200
37503814,10:25:3:814,48.2,39
37503900,10:25:3:900,48.21,100
37503901,10:25:3:901,48.195,100
37504565,10:25:4:565,48.195,100
37504788,10:25:4:788,48.195,100
37505363,10:25:5:363,48.195,100
37506119,10:25:6:119,48.192,1
37507537,10:25:7:537,48.2,100
37508481,10:25:8:481,48.2,100
37508481,10:25:8:481,48.2,100
37508481,10:25:8:481,48.2,100
37508482,10:25:8:482,48.21,3
37508492,10:25:8:492,48.2,10
37510417,10:25:10:417,48.205,54
37510418,10:25:10:418,48.22,54
37510712,10:25:10:712,48.22,300
37510712,10:25:10:712,48.22,100
37510716,10:25:10:716,48.23,200
37510720,10:25:10:720,48.24,100
37521274,10:25:21:274,48.24,100
37533993,10:25:33:993,48.23,100
37533993,10:25:33:993,48.23,100
37533994,10:25:33:994,48.23,3
37533994,10:25:33:994,48.23,100
37533994,10:25:33:994,48.23,100
37533996,10:25:33:996,48.23,100
37534005,10:25:34:5,48.2289,100
37534602,10:25:34:602,48.225,100
37534832,10:25:34:832,48.23,13
37534952,10:25:34:952,48.23,487
37542007,10:25:42:7,48.24,100
37542007,10:25:42:7,48.24,500
37542007,10:25:42:7,48.24,3
37545423,10:25:45:423,48.235,42802
37545918,10:25:45:918,48.24,200
37545918,10:25:45:918,48.24,100
37545918,10:25:45:918,48.24,100
37545918,10:25:45:918,48.24,100
37545918,10:25:45:918,48.24,100
37546134,10:25:46:134,48.25,100
37546134,10:25:46:134,48.25,100
37546134,10:25:46:134,48.25,100
37546134,10:25:46:134,48.25,100
37546134,10:25:46:134,48.25,100
37546134,10:25:46:134,48.25,200
37546134,10:25:46:134,48.25,47
37546577,10:25:46:577,48.26,100
37552415,10:25:52:415,48.26,100
37552415,10:25:52:415,48.26,100
37552416,10:25:52:416,48.26,100
37552416,10:25:52:416,48.26,94
37552416,10:25:52:416,48.26,411
37552416,10:25:52:416,48.26,100
37552877,10:25:52:877,48.265,100
37553175,10:25:53:175,48.27,100
37553197,10:25:53:197,48.27,100
37559651,10:25:59:651,48.2614,21
37560221,10:26:0:221,48.28,100
37568668,10:26:8:668,48.26,8
37584233,10:26:24:233,48.28,100
37586217,10:26:26:217,48.27,100
37586220,10:26:26:220,48.26,100
37586224,10:26:26:224,48.27,300
37586225,10:26:26:225,48.26,300
37586229,10:26:26:229,48.26,200
37586230,10:26:26:230,48.27,100
37586230,10:26:26:230,48.27,200
37586231,10:26:26:231,48.26,100
37586234,10:26:26:234,48.26,100
37586242,10:26:26:242,48.27,100
37586327,10:26:26:327,48.26,200
37586327,10:26:26:327,48.26,100
37586327,10:26:26:327,48.26,100
37586327,10:26:26:327,48.26,100
37586327,10:26:26:327,48.26,4
37586327,10:26:26:327,48.26,100
37586327,10:26:26:327,48.26,1
37586327,10:26:26:327,48.26,100
37586327,10:26:26:327,48.26,100
37586327,10:26:26:327,48.26,100
37586327,10:26:26:327,48.26,100
37586327,10:26:26:327,48.26,100
37586327,10:26:26:327,48.26,100
37596454,10:26:36:454,48.24,100
37596457,10:26:36:457,48.24,100
37596459,10:26:36:459,48.24,100
37596570,10:26:36:570,48.24,200
37598851,10:26:38:851,48.24,200
37598851,10:26:38:851,48.24,400
37598851,10:26:38:851,48.24,100
37600391,10:26:40:391,48.25,3
37600392,10:26:40:392,48.25,197
37600393,10:26:40:393,48.26,100
37600393,10:26:40:393,48.26,100
37605043,10:26:45:43,48.265,200
37605044,10:26:45:44,48.25,100
37605045,10:26:45:45,48.265,100
37605046,10:26:45:46,48.25,200
37605046,10:26:45:46,48.25,200
37605047,10:26:45:47,48.265,100
37605048,10:26:45:48,48.265,200
37605048,10:26:45:48,48.25,100
37605048,10:26:45:48,48.265,200
37605049,10:26:45:49,48.25,200
37605049,10:26:45:49,48.25,100
37605051,10:26:45:51,48.25,100
37605052,10:26:45:52,48.265,100
37605053,10:26:45:53,48.25,200
37605054,10:26:45:54,48.265,200
37605055,10:26:45:55,48.25,100
37605064,10:26:45:64,48.25,100
37605067,10:26:45:67,48.26,100
37605092,10:26:45:92,48.25,100
37605097,10:26:45:97,48.26,100
37605154,10:26:45:154,48.26,200
37605155,10:26:45:155,48.25,74
37605155,10:26:45:155,48.25,10
37605155,10:26:45:155,48.25,26
37605155,10:26:45:155,48.25,100
37605155,10:26:45:155,48.25,100
37605155,10:26:45:155,48.25,100
37605159,10:26:45:159,48.265,100
37605209,10:26:45:209,48.265,100
37608923,10:26:48:923,48.25,200
37612547,10:26:52:547,48.25,200
37626195,10:27:6:195,48.2401,55
37662951,10:27:42:951,48.24,100
37679032,10:27:59:32,48.26,200
37680584,10:28:0:584,48.24,100
37680589,10:28:0:589,48.24,1
37680589,10:28:0:589,48.24,100
37680589,10:28:0:589,48.24,100
37680589,10:28:0:589,48.24,100
37680589,10:28:0:589,48.24,2
37680591,10:28:0:591,48.23,100
37680592,10:28:0:592,48.23,100
37689082,10:28:9:82,48.21,6
37689082,10:28:9:82,48.21,94
37692847,10:28:12:847,48.21,100
37693299,10:28:13:299,48.215,100
37693468,10:28:13:468,48.21,100
37693468,10:28:13:468,48.21,100
37694920,10:28:14:920,48.2,100
37694920,10:28:14:920,48.2,100
37694920,10:28:14:920,48.2,100
37694920,10:28:14:920,48.2,100
37694920,10:28:14:920,48.2,100
37694921,10:28:14:921,48.2,100
37694921,10:28:14:921,48.2,100
37694922,10:28:14:922,48.2,100
37694922,10:28:14:922,48.2,63
37694922,10:28:14:922,48.2,37
37694974,10:28:14:974,48.19,100
37695026,10:28:15:26,48.19,100
37696818,10:28:16:818,48.185,100
37698317,10:28:18:317,48.185,100
37698317,10:28:18:317,48.19,100
37708948,10:28:28:948,48.185,100
37726765,10:28:46:765,48.18,100
37726766,10:28:46:766,48.18,10
37726768,10:28:46:768,48.18,90
37735236,10:28:55:236,48.18,5
37743081,10:29:3:81,48.18,100
37743081,10:29:3:81,48.18,5
37743082,10:29:3:82,48.18,100
37743082,10:29:3:82,48.18,100
37743082,10:29:3:82,48.18,100
37743083,10:29:3:83,48.185,100
37743088,10:29:3:88,48.175,100
37743096,10:29:3:96,48.18,95
37743467,10:29:3:467,48.175,100
37743514,10:29:3:514,48.18,62
37747370,10:29:7:370,48.1797,100
37747924,10:29:7:924,48.175,100
37747924,10:29:7:924,48.18,100
37747924,10:29:7:924,48.18,100
37747924,10:29:7:924,48.18,405
37747924,10:29:7:924,48.18,100
37747925,10:29:7:925,48.18,100
37747925,10:29:7:925,48.18,100
37747925,10:29:7:925,48.18,6
37747925,10:29:7:925,48.18,100
37747925,10:29:7:925,48.19,7
37748268,10:29:8:268,48.175,100
37750101,10:29:10:101,48.1801,85
37750570,10:29:10:570,48.19,2
37765153,10:29:25:153,48.18,20
37769440,10:29:29:440,48.185,300
37769531,10:29:29:531,48.19,91
37769531,10:29:29:531,48.19,9
37772054,10:29:32:54,48.19,100
37774755,10:29:34:755,48.19,157
37774755,10:29:34:755,48.19,34
37774756,10:29:34:756,48.19,100
37774756,10:29:34:756,48.19,100
37774756,10:29:34:756,48.19,10
37774756,10:29:34:756,48.19,302
37774756,10:29:34:756,48.19,56
37774756,10:29:34:756,48.19,21
37774756,10:29:34:756,48.19,100
37774756,10:29:34:756,48.19,100
37774756,10:29:34:756,48.2,100
37774761,10:29:34:761,48.19,100
37774873,10:29:34:873,48.19,100
37774879,10:29:34:879,48.2,100
37774993,10:29:34:993,48.19,100
37776615,10:29:36:615,48.205,100
37777980,10:29:37:980,48.21,200
37778154,10:29:38:154,48.21,100
37778154,10:29:38:154,48.21,100
37778154,10:29:38:154,48.21,100
37778738,10:29:38:738,48.215,100
37781559,10:29:41:559,48.22,100
37781811,10:29:41:811,48.215,100
37783023,10:29:43:23,48.22,200
37783023,10:29:43:23,48.22,100
37783023,10:29:43:23,48.22,100
37783023,10:29:43:23,48.22,100
37784574,10:29:44:574,48.25,100
37786785,10:29:46:785,48.23,100
37786785,10:29:46:785,48.23,3
37786785,10:29:46:785,48.23,100
37786785,10:29:46:785,48.23,1
37786785,10:29:46:785,48.23,100
37786785,10:29:46:785,48.23,100
37786785,10:29:46:785,48.23,100
37786785,10:29:46:785,48.23,100
37786785,10:29:46:785,48.23,180
37786787,10:29:46:787,48.23,100
37788064,10:29:48:64,48.22,13
37788069,10:29:48:69,48.22,100
37788648,10:29:48:648,48.225,100
37788651,10:29:48:651,48.2201,100
37788670,10:29:48:670,48.225,100
37788673,10:29:48:673,48.2201,100
37788674,10:29:48:674,48.225,100
37788677,10:29:48:677,48.2201,100
37788736,10:29:48:736,48.22,100
37788738,10:29:48:738,48.22,100
37788746,10:29:48:746,48.22,100
37789870,10:29:49:870,48.22,100
37791125,10:29:51:125,48.21,100
37799880,10:29:59:880,48.23,100
