MsOfDay, Time,Price,Size
34200049,9:30:0:49,45.93,100
34200049,9:30:0:49,45.91,100
34200049,9:30:0:49,45.93,100
34200062,9:30:0:62,45.74,400
34200062,9:30:0:62,45.74,400
34200066,9:30:0:66,45.74,200
34200179,9:30:0:179,45.93,100
34200179,9:30:0:179,45.93,100
34201004,9:30:1:4,45.95,24505
34201023,9:30:1:23,45.94,17
34201023,9:30:1:23,45.94,17
34201234,9:30:1:234,45.92,100
34201234,9:30:1:234,45.92,100
34201248,9:30:1:248,45.92,100
34201649,9:30:1:649,45.95,120
34202997,9:30:2:997,45.96,300
34203364,9:30:3:364,45.9544,100
34205445,9:30:5:445,45.98,100
34205445,9:30:5:445,45.98,100
34205446,9:30:5:446,45.98,100
34205446,9:30:5:446,45.98,100
34205446,9:30:5:446,46,100
34205749,9:30:5:749,45.96,300
34205777,9:30:5:777,46,116
34206306,9:30:6:306,46,100
34206747,9:30:6:747,45.98,100
34206747,9:30:6:747,46,100
34206934,9:30:6:934,46,84
34206934,9:30:6:934,46,38
34208462,9:30:8:462,46,95
34209612,9:30:9:612,46.04,100
34209620,9:30:9:620,46.05,100
34209621,9:30:9:621,46.05,100
34209622,9:30:9:622,46.05,100
34209623,9:30:9:623,46.05,100
34210544,9:30:10:544,45.95,963
34210641,9:30:10:641,45.995,100
34210664,9:30:10:664,45.995,100
34213276,9:30:13:276,46,100
34224814,9:30:24:814,45.995,300
34224818,9:30:24:818,45.995,900
34224820,9:30:24:820,45.995,1900
34224826,9:30:24:826,46.05,800
34224829,9:30:24:829,45.995,300
34226029,9:30:26:29,45.995,200
34228916,9:30:28:916,45.995,100
34229792,9:30:29:792,45.995,200
34229794,9:30:29:794,45.995,200
34229796,9:30:29:796,45.995,200
34229812,9:30:29:812,45.995,200
34229814,9:30:29:814,45.995,200
34229819,9:30:29:819,45.995,200
34229825,9:30:29:825,45.995,200
34231872,9:30:31:872,45.94,53
34233919,9:30:33:919,45.995,100
34246080,9:30:46:80,46.04,100
34246080,9:30:46:80,46.04,100
34246080,9:30:46:80,46.05,100
34246080,9:30:46:80,46.04,66
34246081,9:30:46:81,46.05,100
34246091,9:30:46:91,46.05,40
34246649,9:30:46:649,45.995,200
34246651,9:30:46:651,45.995,200
34246653,9:30:46:653,45.995,200
34246655,9:30:46:655,45.995,200
34246989,9:30:46:989,45.95,1
34255880,9:30:55:880,45.95,1
34256502,9:30:56:502,45.95,1
34268918,9:31:8:918,45.9802,102
34275525,9:31:15:525,45.95,1
34278242,9:31:18:242,45.995,1436
34278946,9:31:18:946,45.995,100
34283597,9:31:23:597,45.95,1
34291490,9:31:31:490,45.995,464
34291494,9:31:31:494,45.995,300
34291495,9:31:31:495,45.995,400
34302523,9:31:42:523,45.95,100
34314432,9:31:54:432,46.03,100
34320568,9:32:0:568,46.01,100
34320568,9:32:0:568,46.01,100
34320570,9:32:0:570,46.02,100
34323151,9:32:3:151,45.96,100
34323151,9:32:3:151,45.995,100
34323151,9:32:3:151,45.96,100
34323290,9:32:3:290,45.96,100
34323291,9:32:3:291,45.96,65
34323291,9:32:3:291,45.95,35
34323291,9:32:3:291,45.96,65
34323291,9:32:3:291,45.95,35
34323291,9:32:3:291,45.95,65
34323291,9:32:3:291,45.95,35
34323291,9:32:3:291,45.95,65
34323291,9:32:3:291,45.96,65
34323291,9:32:3:291,45.95,100
34323291,9:32:3:291,45.95,135
34323298,9:32:3:298,45.95,100
34323984,9:32:3:984,45.98,100
34337896,9:32:17:896,45.95,1
34381376,9:33:1:376,46,100
34381376,9:33:1:376,46.01,200
34381376,9:33:1:376,45.95,100
34381377,9:33:1:377,45.95,100
34381377,9:33:1:377,45.95,100
34381377,9:33:1:377,45.97,100
34381377,9:33:1:377,45.95,100
34381377,9:33:1:377,45.95,100
34381377,9:33:1:377,45.95,65
34381377,9:33:1:377,45.95,40
34381378,9:33:1:378,45.95,100
34381378,9:33:1:378,45.95,100
34381378,9:33:1:378,45.97,100
34381403,9:33:1:403,45.97,30
34381403,9:33:1:403,45.98,70
34381642,9:33:1:642,45.98,100
34381952,9:33:1:952,45.95,100
34381952,9:33:1:952,45.95,100
34384289,9:33:4:289,45.95,100
34384484,9:33:4:484,45.95,100
34388895,9:33:8:895,45.97,300
34402443,9:33:22:443,45.96,212
34404928,9:33:24:928,45.96,100
34404929,9:33:24:929,45.96,100
34404932,9:33:24:932,45.96,100
34406805,9:33:26:805,45.96,100
34408059,9:33:28:59,45.955,100
34435242,9:33:55:242,45.96,83
34435243,9:33:55:243,45.97,100
34435243,9:33:55:243,45.97,30
34435243,9:33:55:243,45.97,70
34435244,9:33:55:244,45.97,70
34435244,9:33:55:244,45.97,30
34435244,9:33:55:244,45.97,30
34435246,9:33:55:246,45.96,17
34435247,9:33:55:247,45.98,100
34442849,9:34:2:849,45.96,57
34442851,9:34:2:851,45.97,43
34442851,9:34:2:851,45.98,200
34442852,9:34:2:852,45.99,100
34442852,9:34:2:852,45.99,100
34442852,9:34:2:852,45.99,300
34442853,9:34:2:853,45.99,100
34444141,9:34:4:141,45.97,100
34444141,9:34:4:141,45.96,100
34444141,9:34:4:141,45.96,200
34444142,9:34:4:142,45.96,100
34444142,9:34:4:142,45.96,100
34492020,9:34:52:20,46,200
34492031,9:34:52:31,46.01,100
34492032,9:34:52:32,45.98,46
34492210,9:34:52:210,45.98,100
34492214,9:34:52:214,45.98,100
34492217,9:34:52:217,45.98,100
34492218,9:34:52:218,45.98,100
34492221,9:34:52:221,45.98,200
34497016,9:34:57:16,46.02,100
34503974,9:35:3:974,45.9701,3
34509752,9:35:9:752,46.06,83
34517426,9:35:17:426,46,100
34518154,9:35:18:154,46.025,100
34520529,9:35:20:529,46.02,26
34545497,9:35:45:497,46,200
34545983,9:35:45:983,46.025,100
34550021,9:35:50:21,46.01,100
34550021,9:35:50:21,46.01,100
34550033,9:35:50:33,46.03,100
34550033,9:35:50:33,46.03,100
34550034,9:35:50:34,46.03,100
34550542,9:35:50:542,46,45
34550542,9:35:50:542,46,55
34550542,9:35:50:542,46,100
34550542,9:35:50:542,46,100
34550543,9:35:50:543,46,100
34550543,9:35:50:543,46,100
34553554,9:35:53:554,46.01,100
34553555,9:35:53:555,45.99,100
34553555,9:35:53:555,45.99,100
34553555,9:35:53:555,45.99,100
34553730,9:35:53:730,45.98,100
34553730,9:35:53:730,45.98,100
34553732,9:35:53:732,45.995,200
34553736,9:35:53:736,45.98,200
34559639,9:35:59:639,45.985,100
34564824,9:36:4:824,46,100
34564824,9:36:4:824,46,100
34564825,9:36:4:825,46,100
34564826,9:36:4:826,45.99,100
34564827,9:36:4:827,46,100
34564828,9:36:4:828,46.01,100
34564842,9:36:4:842,46.02,100
34571286,9:36:11:286,46.04,200
34573200,9:36:13:200,46.025,100
34595295,9:36:35:295,46.04,100
34597520,9:36:37:520,46,100
34608983,9:36:48:983,45.98,100
34608983,9:36:48:983,45.98,100
34608987,9:36:48:987,46,100
34608987,9:36:48:987,45.98,200
34608989,9:36:48:989,45.98,100
34608990,9:36:48:990,45.97,100
34608991,9:36:48:991,45.97,100
34609907,9:36:49:907,45.95,46
34616581,9:36:56:581,45.999,2
34622726,9:37:2:726,45.98,100
34622726,9:37:2:726,45.98,100
34622726,9:37:2:726,45.98,200
34622726,9:37:2:726,45.98,100
34622726,9:37:2:726,45.98,100
34622726,9:37:2:726,45.98,200
34622726,9:37:2:726,45.98,100
34622727,9:37:2:727,45.99,100
34622728,9:37:2:728,46,100
34622730,9:37:2:730,46,100
34622732,9:37:2:732,46,100
34622733,9:37:2:733,46.01,100
34622741,9:37:2:741,45.98,100
34623152,9:37:3:152,45.98,100
34623152,9:37:3:152,45.98,100
34626818,9:37:6:818,45.98,900
34626822,9:37:6:822,45.98,900
34626822,9:37:6:822,45.98,1800
34626823,9:37:6:823,45.98,529
34626826,9:37:6:826,45.98,800
34626828,9:37:6:828,45.98,1300
34626839,9:37:6:839,46.01,100
34626940,9:37:6:940,45.98,1500
34626941,9:37:6:941,45.98,800
34626944,9:37:6:944,46.01,100
34626951,9:37:6:951,46.02,71
34627098,9:37:7:98,46.005,200
34627113,9:37:7:113,46.005,300
34627349,9:37:7:349,45.99,14
34628249,9:37:8:249,46.005,100
34629134,9:37:9:134,45.995,100
34629244,9:37:9:244,45.96,80
34636934,9:37:16:934,46,100
34637936,9:37:17:936,46,100
34679249,9:37:59:249,45.96,100
34679249,9:37:59:249,45.95,100
34679249,9:37:59:249,45.95,100
34679250,9:37:59:250,45.975,100
34679250,9:37:59:250,45.98,200
34679251,9:37:59:251,45.98,100
34679252,9:37:59:252,45.95,200
34679255,9:37:59:255,45.95,100
34695603,9:38:15:603,45.93,100
34695603,9:38:15:603,45.93,50
34695603,9:38:15:603,45.93,50
34697118,9:38:17:118,45.92,100
34697118,9:38:17:118,45.94,100
34697118,9:38:17:118,45.91,117
34697119,9:38:17:119,45.91,100
34697122,9:38:17:122,45.93,500
34697129,9:38:17:129,45.93,200
34697130,9:38:17:130,45.93,200
34697132,9:38:17:132,45.93,200
34697191,9:38:17:191,45.93,200
34701033,9:38:21:33,45.89,100
34701033,9:38:21:33,45.89,100
34723673,9:38:43:673,45.87,100
34753988,9:39:13:988,45.89,28
34754104,9:39:14:104,45.91,72
34774228,9:39:34:228,45.92,88
34779522,9:39:39:522,45.9,100
34784598,9:39:44:598,45.87,3
34784731,9:39:44:731,45.87,1
34801069,9:40:1:69,45.92,50
34805021,9:40:5:21,45.92,50
34805021,9:40:5:21,45.92,50
34805021,9:40:5:21,45.92,50
34805021,9:40:5:21,45.91,25
34821760,9:40:21:760,45.88,100
34821761,9:40:21:761,45.88,93
34821762,9:40:21:762,45.88,100
34821762,9:40:21:762,45.9,100
34839144,9:40:39:144,45.92,54
34839146,9:40:39:146,45.92,42
34839146,9:40:39:146,45.93,158
34839147,9:40:39:147,45.93,100
34839147,9:40:39:147,45.93,42
34839155,9:40:39:155,45.93,100
34839204,9:40:39:204,45.92,100
34839271,9:40:39:271,45.91,43
34840667,9:40:40:667,45.94,100
34840667,9:40:40:667,45.94,22
34842086,9:40:42:86,45.91,7
34843489,9:40:43:489,45.94,22
34843489,9:40:43:489,45.94,100
34843489,9:40:43:489,45.94,61
34843490,9:40:43:490,45.94,100
34843491,9:40:43:491,45.94,100
34843499,9:40:43:499,45.94,17
34847362,9:40:47:362,45.9236,1
34865117,9:41:5:117,45.94,82
34865220,9:41:5:220,45.92,100
34865220,9:41:5:220,45.92,100
34885017,9:41:25:17,45.94,100
34890151,9:41:30:151,45.935,100
34918309,9:41:58:309,45.95,100
34918327,9:41:58:327,45.95,12
34918335,9:41:58:335,45.94,300
34926007,9:42:6:7,45.92,1
34926007,9:42:6:7,45.92,100
34926007,9:42:6:7,45.92,99
34926007,9:42:6:7,45.91,51
34927770,9:42:7:770,45.91,100
34935794,9:42:15:794,45.9,100
34935798,9:42:15:798,45.89,10
34935803,9:42:15:803,45.89,100
34935994,9:42:15:994,45.89,8
34936311,9:42:16:311,45.89,50
34936311,9:42:16:311,45.89,42
34936313,9:42:16:313,45.88,34
34936314,9:42:16:314,45.88,66
34936315,9:42:16:315,45.88,100
34941037,9:42:21:37,45.88,100
34944156,9:42:24:156,45.89,300
34944159,9:42:24:159,45.9,100
34944163,9:42:24:163,45.9,300
34944172,9:42:24:172,45.92,16
34944175,9:42:24:175,45.92,100
34950071,9:42:30:71,45.935,100
34953149,9:42:33:149,45.92,100
34953149,9:42:33:149,45.92,100
34953149,9:42:33:149,45.91,100
34973933,9:42:53:933,45.91,34
34973933,9:42:53:933,45.91,66
34978579,9:42:58:579,45.9,100
34978580,9:42:58:580,45.9,100
34978580,9:42:58:580,45.9,100
35021038,9:43:41:38,45.89,27
35021804,9:43:41:804,45.92,100
35045988,9:44:5:988,45.93,500
35045990,9:44:5:990,45.94,200
35045990,9:44:5:990,45.94,100
35045990,9:44:5:990,45.94,100
35045990,9:44:5:990,45.94,100
35045990,9:44:5:990,45.94,100
35045990,9:44:5:990,45.94,100
35045990,9:44:5:990,45.94,100
35045990,9:44:5:990,45.94,100
35045993,9:44:5:993,45.94,100
35046001,9:44:6:1,45.94,200
35046044,9:44:6:44,45.94,100
35046350,9:44:6:350,45.93,43
35047072,9:44:7:72,45.92,127
35047303,9:44:7:303,45.92,73
35061541,9:44:21:541,45.92,10
35074592,9:44:34:592,45.97,100
35097157,9:44:57:157,45.93,200
35097473,9:44:57:473,45.94,100
35098638,9:44:58:638,45.94,100
35098771,9:44:58:771,45.94,100
35098771,9:44:58:771,45.94,200
35098773,9:44:58:773,45.94,100
35098774,9:44:58:774,45.95,100
35098774,9:44:58:774,45.94,100
35098777,9:44:58:777,45.95,100
35098778,9:44:58:778,45.96,100
35098778,9:44:58:778,45.96,21
35098778,9:44:58:778,45.96,79
35098778,9:44:58:778,45.955,100
35098778,9:44:58:778,45.96,100
35098778,9:44:58:778,45.95,100
35098778,9:44:58:778,45.97,100
35098779,9:44:58:779,45.96,100
35098822,9:44:58:822,45.95,300
35098824,9:44:58:824,45.95,100
35098979,9:44:58:979,45.94,600
35104946,9:45:4:946,45.96,200
35126159,9:45:26:159,45.97,100
35126902,9:45:26:902,45.93,100
35128766,9:45:28:766,45.96,100
35128819,9:45:28:819,45.96,100
35130349,9:45:30:349,45.95,100
35138304,9:45:38:304,45.955,100
35138318,9:45:38:318,45.94,100
35138319,9:45:38:319,45.94,100
35138319,9:45:38:319,45.94,100
35138320,9:45:38:320,45.94,200
35138322,9:45:38:322,45.94,100
35148133,9:45:48:133,45.95,300
35148280,9:45:48:280,45.96,99
35148498,9:45:48:498,45.96,100
35148498,9:45:48:498,45.96,101
35148498,9:45:48:498,45.96,100
35148501,9:45:48:501,45.96,100
35148501,9:45:48:501,45.96,100
35156727,9:45:56:727,45.94,100
35156731,9:45:56:731,45.94,100
35156733,9:45:56:733,45.94,100
35162882,9:46:2:882,45.95,100
35162882,9:46:2:882,45.95,100
35162945,9:46:2:945,45.95,200
35162946,9:46:2:946,45.96,100
35162946,9:46:2:946,45.95,100
35163265,9:46:3:265,45.94,100
35163269,9:46:3:269,45.94,100
35167811,9:46:7:811,45.96,200
35167811,9:46:7:811,45.96,100
35167811,9:46:7:811,45.96,9
35167811,9:46:7:811,45.96,50
35167811,9:46:7:811,45.96,91
35167812,9:46:7:812,45.96,50
35167812,9:46:7:812,45.96,100
35168176,9:46:8:176,45.95,100
35172887,9:46:12:887,45.96,63
35172904,9:46:12:904,45.97,200
35172908,9:46:12:908,45.97,99
35172908,9:46:12:908,45.97,100
35172908,9:46:12:908,45.97,7
35172908,9:46:12:908,45.97,27
35174027,9:46:14:27,45.98,200
35174028,9:46:14:28,45.98,55
35174711,9:46:14:711,45.95,100
35174711,9:46:14:711,45.95,100
35174711,9:46:14:711,45.95,100
35174878,9:46:14:878,45.95,100
35267219,9:47:47:219,45.98,97
35267219,9:47:47:219,45.98,97
35267219,9:47:47:219,45.98,3
35267219,9:47:47:219,45.98,100
35267219,9:47:47:219,45.98,100
35267219,9:47:47:219,45.98,100
35267219,9:47:47:219,45.98,100
35267219,9:47:47:219,45.97,78
35267219,9:47:47:219,45.98,3
35267220,9:47:47:220,45.99,47
35267221,9:47:47:221,45.99,97
35267221,9:47:47:221,45.99,53
35267233,9:47:47:233,45.99,100
35267238,9:47:47:238,45.99,80
35267348,9:47:47:348,46,100
35267349,9:47:47:349,46,5
35267349,9:47:47:349,46,10
35268423,9:47:48:423,46.01,90
35268423,9:47:48:423,46.01,10
35268424,9:47:48:424,46.01,300
35271018,9:47:51:18,46.03,100
35271028,9:47:51:28,46.03,100
35272296,9:47:52:296,46.03,100
35272296,9:47:52:296,46.03,100
35272296,9:47:52:296,46.03,100
35272296,9:47:52:296,46.02,598
35272296,9:47:52:296,46.02,200
35272389,9:47:52:389,46.03,100
35272750,9:47:52:750,46.01,100
35286536,9:48:6:536,46,500
35286536,9:48:6:536,46,100
35286536,9:48:6:536,46,100
35286537,9:48:6:537,45.99,100
35286537,9:48:6:537,45.99,100
35286537,9:48:6:537,45.99,100
35286972,9:48:6:972,45.98,100
35286973,9:48:6:973,45.98,200
35286973,9:48:6:973,45.98,100
35286973,9:48:6:973,45.98,100
35286978,9:48:6:978,45.99,100
35286978,9:48:6:978,46,100
35298763,9:48:18:763,45.99,100
35298763,9:48:18:763,45.99,100
35298763,9:48:18:763,45.99,100
35298763,9:48:18:763,45.99,100
35299219,9:48:19:219,45.99,100
35307534,9:48:27:534,45.98,100
35307534,9:48:27:534,45.98,326
35307534,9:48:27:534,45.98,100
35309027,9:48:29:27,45.99,100
35309028,9:48:29:28,45.99,100
35309028,9:48:29:28,45.99,100
35311971,9:48:31:971,45.99,100
35311971,9:48:31:971,45.99,100
35311971,9:48:31:971,45.99,72
35311971,9:48:31:971,45.99,100
35312238,9:48:32:238,45.97,100
35312238,9:48:32:238,45.97,100
35312238,9:48:32:238,45.97,100
35312238,9:48:32:238,45.97,100
35317120,9:48:37:120,45.99,200
35317127,9:48:37:127,45.99,200
35317135,9:48:37:135,45.99,200
35317140,9:48:37:140,45.99,200
35317140,9:48:37:140,46,302
35317142,9:48:37:142,46,200
35317142,9:48:37:142,46,100
35317289,9:48:37:289,45.995,200
35324210,9:48:44:210,46,53
35324212,9:48:44:212,46.01,400
35343703,9:49:3:703,46.02,60
35343713,9:49:3:713,46.04,200
35343953,9:49:3:953,46.04,100
35344093,9:49:4:93,46.04,100
35357717,9:49:17:717,46.05,500
35357717,9:49:17:717,46.06,100
35357719,9:49:17:719,46.07,25
35358025,9:49:18:25,46.05,100
35358534,9:49:18:534,46.09,300
35369102,9:49:29:102,46.08,200
35370550,9:49:30:550,46.08,200
35370551,9:49:30:551,46.08,100
35375149,9:49:35:149,46.1,200
35375149,9:49:35:149,46.1,77
35376137,9:49:36:137,46.08,100
35376137,9:49:36:137,46.08,100
35376137,9:49:36:137,46.08,100
35378797,9:49:38:797,46.11,200
35378803,9:49:38:803,46.08,100
35389477,9:49:49:477,46.09,100
35394837,9:49:54:837,46.07,100
35394840,9:49:54:840,46.07,100
35402450,9:50:2:450,46.1,200
35404019,9:50:4:19,46.1,2
35404057,9:50:4:57,46.06,1
35405086,9:50:5:86,46.06,100
35405087,9:50:5:87,46.06,12
35405089,9:50:5:89,46.06,200
35405175,9:50:5:175,46.08,200
35421484,9:50:21:484,46.065,200
35446318,9:50:46:318,46.08,200
35446380,9:50:46:380,46.08,100
35446380,9:50:46:380,46.08,100
35446380,9:50:46:380,46.08,98
35461760,9:51:1:760,46.08,100
35461760,9:51:1:760,46.08,100
35493854,9:51:33:854,45.9817,100
35499790,9:51:39:790,46.1,100
35507140,9:51:47:140,46.11,900
35507141,9:51:47:141,46.11,1
35507141,9:51:47:141,46.11,100
35507142,9:51:47:142,46.11,800
35507155,9:51:47:155,46.13,100
35507829,9:51:47:829,46.1,100
35507829,9:51:47:829,46.1,100
35507838,9:51:47:838,46.1,100
35507838,9:51:47:838,46.1,100
35507839,9:51:47:839,46.1,100
35507839,9:51:47:839,46.1,8
35508014,9:51:48:14,46.09,44
35508067,9:51:48:67,46.08,43
35510017,9:51:50:17,46.09,100
35510017,9:51:50:17,46.1,100
35510017,9:51:50:17,46.08,100
35510018,9:51:50:18,46.09,46
35510018,9:51:50:18,46.09,54
35510018,9:51:50:18,46.1125,100
35510018,9:51:50:18,46.09,100
35510018,9:51:50:18,46.09,12
35510018,9:51:50:18,46.09,88
35510018,9:51:50:18,46.09,100
35510018,9:51:50:18,46.1,169
35512596,9:51:52:596,46.1,616
35512597,9:51:52:597,46.1,15
35518739,9:51:58:739,46.1,100
35518787,9:51:58:787,46.13,100
35527123,9:52:7:123,46.1001,21
35544943,9:52:24:943,46.1,79
35550099,9:52:30:99,46.13,100
35550100,9:52:30:100,46.13,200
35550100,9:52:30:100,46.13,196
35550100,9:52:30:100,46.13,4
35550101,9:52:30:101,46.12,100
35550101,9:52:30:101,46.12,100
35550101,9:52:30:101,46.12,100
35550101,9:52:30:101,46.125,100
35550101,9:52:30:101,46.12,100
35550103,9:52:30:103,46.13,12
35550106,9:52:30:106,46.13,128
35550107,9:52:30:107,46.13,54
35550109,9:52:30:109,46.13,18
35550110,9:52:30:110,46.13,100
35552166,9:52:32:166,46.11,100
35552166,9:52:32:166,46.11,100
35552166,9:52:32:166,46.11,100
35552167,9:52:32:167,46.13,100
35552167,9:52:32:167,46.11,48
35582587,9:53:2:587,46.11,200
35583203,9:53:3:203,46.11,300
35590573,9:53:10:573,46.12,100
35590573,9:53:10:573,46.12,94
35590573,9:53:10:573,46.12,6
35590573,9:53:10:573,46.12,2
35590573,9:53:10:573,46.12,82
35590577,9:53:10:577,46.12,100
35590614,9:53:10:614,46.12,1
35628804,9:53:48:804,46.13,100
35628804,9:53:48:804,46.13,100
35628804,9:53:48:804,46.13,100
35628804,9:53:48:804,46.13,100
35629156,9:53:49:156,46.12,100
35629156,9:53:49:156,46.12,100
35629157,9:53:49:157,46.12,4
35629158,9:53:49:158,46.11,100
35644014,9:54:4:14,46.11,5
35654709,9:54:14:709,46.1,100
35656148,9:54:16:148,46.1,2
35675175,9:54:35:175,46.1,100
35697093,9:54:57:93,46.1,100
35697093,9:54:57:93,46.1,100
35697093,9:54:57:93,46.1,129
35697094,9:54:57:94,46.1,100
35710413,9:55:10:413,46.08,100
35710413,9:55:10:413,46.08,203
35710414,9:55:10:414,46.07,93
35710414,9:55:10:414,46.07,7
35714051,9:55:14:51,46.07,100
35714064,9:55:14:64,46.06,17
35714081,9:55:14:81,46.06,83
35716299,9:55:16:299,46.05,100
35718184,9:55:18:184,46.04,100
35749493,9:55:49:493,46.04,100
35752198,9:55:52:198,46.03,100
35784070,9:56:24:70,46.07,100
35784070,9:56:24:70,46.07,100
35784070,9:56:24:70,46.07,100
35784070,9:56:24:70,46.07,100
35784070,9:56:24:70,46.07,100
35784070,9:56:24:70,46.07,100
35784070,9:56:24:70,46.07,100
35784070,9:56:24:70,46.07,100
35784070,9:56:24:70,46.07,100
35784070,9:56:24:70,46.07,100
35784070,9:56:24:70,46.07,100
35784070,9:56:24:70,46.07,81
35784070,9:56:24:70,46.07,100
35784077,9:56:24:77,46.08,1
35784213,9:56:24:213,46.06,100
35804043,9:56:44:43,46.08,100
35804043,9:56:44:43,46.08,100
35804043,9:56:44:43,46.08,100
35804043,9:56:44:43,46.08,7
35804043,9:56:44:43,46.08,7
35804043,9:56:44:43,46.08,100
35804043,9:56:44:43,46.08,93
35804045,9:56:44:45,46.08,93
35804052,9:56:44:52,46.08,100
35817105,9:56:57:105,46.1,100
35817105,9:56:57:105,46.1,100
35819895,9:56:59:895,46.09,100
35823364,9:57:3:364,46.12,100
35823366,9:57:3:366,46.12,100
35844426,9:57:24:426,46.12,100
35881909,9:58:1:909,46.14,100
35881909,9:58:1:909,46.14,100
35881964,9:58:1:964,46.13,10
35889282,9:58:9:282,46.12,100
35932447,9:58:52:447,46.18,100
35935358,9:58:55:358,46.18,16
35935358,9:58:55:358,46.18,38
35935358,9:58:55:358,46.18,52
35935358,9:58:55:358,46.18,1
35937397,9:58:57:397,46.1837,100
35958836,9:59:18:836,46.21,100
35961569,9:59:21:569,46.185,100
35962705,9:59:22:705,46.16,39
35962705,9:59:22:705,46.16,200
35962705,9:59:22:705,46.16,100
35977082,9:59:37:82,46.14,100
35977082,9:59:37:82,46.15,4
35977082,9:59:37:82,46.15,96
35977082,9:59:37:82,46.14,4
35978026,9:59:38:26,46.17,100
35978618,9:59:38:618,46.15,73
36001834,10:0:1:834,46.16,100
36001834,10:0:1:834,46.16,121
36001834,10:0:1:834,46.16,2
36028953,10:0:28:953,46.16,38
36032304,10:0:32:304,46.13,15
36032934,10:0:32:934,46.13,100
36032934,10:0:32:934,46.13,142
36032934,10:0:32:934,46.13,100
36046157,10:0:46:157,46.12,86
36050612,10:0:50:612,46.12,13
36057366,10:0:57:366,46.14,100
36059372,10:0:59:372,46.13,100
36059372,10:0:59:372,46.13,100
36059600,10:0:59:600,46.12,100
36067406,10:1:7:406,46.15,68
36076236,10:1:16:236,46.13,100
36085553,10:1:25:553,46.16,100
36085553,10:1:25:553,46.16,100
36085553,10:1:25:553,46.16,100
36085553,10:1:25:553,46.16,10
36085553,10:1:25:553,46.16,100
36085553,10:1:25:553,46.16,100
36085555,10:1:25:555,46.17,62
36085555,10:1:25:555,46.17,100
36085556,10:1:25:556,46.18,70
36085557,10:1:25:557,46.18,53
36085558,10:1:25:558,46.18,100
36085785,10:1:25:785,46.18,100
36088743,10:1:28:743,46.17,100
36103022,10:1:43:22,46.2,6
36112720,10:1:52:720,46.21,50
36118070,10:1:58:70,46.2199,5
36118837,10:1:58:837,46.2,82
36122098,10:2:2:98,46.19,100
36122098,10:2:2:98,46.19,100
36122098,10:2:2:98,46.19,100
36122098,10:2:2:98,46.19,100
36122229,10:2:2:229,46.18,100
36122229,10:2:2:229,46.18,100
36123357,10:2:3:357,46.19,66
36123753,10:2:3:753,46.19,100
36123753,10:2:3:753,46.19,100
36123753,10:2:3:753,46.19,90
36123753,10:2:3:753,46.19,100
36123754,10:2:3:754,46.19,34
36123754,10:2:3:754,46.19,100
36123754,10:2:3:754,46.19,10
36123754,10:2:3:754,46.19,98
36123754,10:2:3:754,46.19,2
36123754,10:2:3:754,46.19,100
36123754,10:2:3:754,46.19,100
36123754,10:2:3:754,46.19,100
36123754,10:2:3:754,46.19,100
36126173,10:2:6:173,46.19,20
36133107,10:2:13:107,46.2,100
36146742,10:2:26:742,46.195,100
36151740,10:2:31:740,46.18,100
36162238,10:2:42:238,46.21,200
36162238,10:2:42:238,46.21,100
36162238,10:2:42:238,46.21,100
36162239,10:2:42:239,46.21,91
36162239,10:2:42:239,46.21,100
36162239,10:2:42:239,46.21,9
36162327,10:2:42:327,46.21,10
36162327,10:2:42:327,46.21,4
36162370,10:2:42:370,46.21,100
36167156,10:2:47:156,46.2,2
36167156,10:2:47:156,46.2,100
36167156,10:2:47:156,46.2,100
36175230,10:2:55:230,46.2048,197
36192211,10:3:12:211,46.21,4
36198256,10:3:18:256,46.2,100
36202744,10:3:22:744,46.21,66
36236931,10:3:56:931,46.2001,1
36246396,10:4:6:396,46.23,100
36246396,10:4:6:396,46.23,100
36246396,10:4:6:396,46.23,100
36246396,10:4:6:396,46.23,10
36246396,10:4:6:396,46.23,22
36246396,10:4:6:396,46.23,1
36252068,10:4:12:68,46.25,100
36252068,10:4:12:68,46.25,100
36252068,10:4:12:68,46.25,200
36252078,10:4:12:78,46.25,100
36255404,10:4:15:404,46.25,100
36257057,10:4:17:57,46.28,100
36257159,10:4:17:159,46.26,100
36262735,10:4:22:735,46.2758,400
36263154,10:4:23:154,46.28,600
36267013,10:4:27:13,46.2655,11
36279037,10:4:39:37,46.27,5
36282408,10:4:42:408,46.27,1
36282771,10:4:42:771,46.3,20
36292160,10:4:52:160,46.3,20
36292278,10:4:52:278,46.3,100
36292281,10:4:52:281,46.3,100
36318472,10:5:18:472,46.32,100
36330005,10:5:30:5,46.32,100
36330005,10:5:30:5,46.31,100
36330016,10:5:30:16,46.31,100
36351598,10:5:51:598,46.3,15
36351599,10:5:51:599,46.3,200
36351599,10:5:51:599,46.3,100
36351599,10:5:51:599,46.3,100
36351599,10:5:51:599,46.3,50
36351599,10:5:51:599,46.3,100
36351599,10:5:51:599,46.3,100
36351599,10:5:51:599,46.3,21
36351599,10:5:51:599,46.3,100
36351599,10:5:51:599,46.3,85
36351599,10:5:51:599,46.3,50
36351599,10:5:51:599,46.3,100
36351612,10:5:51:612,46.3,100
36351612,10:5:51:612,46.3,100
36351613,10:5:51:613,46.3,100
36351613,10:5:51:613,46.3,100
36351781,10:5:51:781,46.29,100
36351782,10:5:51:782,46.29,100
36351782,10:5:51:782,46.29,100
36351782,10:5:51:782,46.29,300
36351782,10:5:51:782,46.29,100
36351808,10:5:51:808,46.28,201
36352704,10:5:52:704,46.28,100
36352704,10:5:52:704,46.28,100
36352705,10:5:52:705,46.28,100
36352759,10:5:52:759,46.3,200
36352760,10:5:52:760,46.3,100
36353142,10:5:53:142,46.31,100
36353142,10:5:53:142,46.31,100
36353142,10:5:53:142,46.31,100
36353142,10:5:53:142,46.31,198
36358651,10:5:58:651,46.32,20
36358654,10:5:58:654,46.32,45
36358654,10:5:58:654,46.32,19
36358654,10:5:58:654,46.32,1
36359178,10:5:59:178,46.33,100
36359692,10:5:59:692,46.34,100
36359692,10:5:59:692,46.34,100
36360704,10:6:0:704,46.335,100
36363454,10:6:3:454,46.32,200
36363454,10:6:3:454,46.32,100
36363454,10:6:3:454,46.335,100
36363454,10:6:3:454,46.32,100
36363454,10:6:3:454,46.32,100
36363454,10:6:3:454,46.32,100
36363454,10:6:3:454,46.32,100
36363454,10:6:3:454,46.32,12
36363454,10:6:3:454,46.32,100
36363454,10:6:3:454,46.32,100
36363454,10:6:3:454,46.32,100
36363454,10:6:3:454,46.32,100
36363454,10:6:3:454,46.32,100
36363456,10:6:3:456,46.32,100
36363456,10:6:3:456,46.32,200
36373579,10:6:13:579,46.35,100
36373579,10:6:13:579,46.35,100
36373579,10:6:13:579,46.35,100
36373579,10:6:13:579,46.35,100
36373579,10:6:13:579,46.35,100
36373582,10:6:13:582,46.38,200
36385880,10:6:25:880,46.38,100
36385880,10:6:25:880,46.38,100
36392644,10:6:32:644,46.4,31
36392644,10:6:32:644,46.41,100
36392644,10:6:32:644,46.41,100
36392644,10:6:32:644,46.41,97
36392644,10:6:32:644,46.41,3
36392647,10:6:32:647,46.42,100
36392648,10:6:32:648,46.44,100
36392648,10:6:32:648,46.44,100
36405230,10:6:45:230,46.42,100
36416892,10:6:56:892,46.43,100
36461852,10:7:41:852,46.2539,200
36484820,10:8:4:820,46.43,100
36484820,10:8:4:820,46.43,100
36490169,10:8:10:169,46.45,100
36509482,10:8:29:482,46.47,100
36509482,10:8:29:482,46.48,100
36509482,10:8:29:482,46.48,77
36509482,10:8:29:482,46.47,100
36509482,10:8:29:482,46.48,100
36509482,10:8:29:482,46.47,165
36509482,10:8:29:482,46.47,100
36509482,10:8:29:482,46.48,500
36509482,10:8:29:482,46.48,100
36509482,10:8:29:482,46.47,100
36509482,10:8:29:482,46.48,100
36509482,10:8:29:482,46.48,109
36509482,10:8:29:482,46.47,100
36509482,10:8:29:482,46.48,10
36509482,10:8:29:482,46.48,20
36509482,10:8:29:482,46.48,100
36509757,10:8:29:757,46.47,20
36509757,10:8:29:757,46.47,100
36509757,10:8:29:757,46.47,1
36509758,10:8:29:758,46.46,100
36509759,10:8:29:759,46.46,300
36509760,10:8:29:760,46.46,100
36509761,10:8:29:761,46.46,100
36509761,10:8:29:761,46.46,77
36509761,10:8:29:761,46.46,100
36509805,10:8:29:805,46.46,23
36510404,10:8:30:404,46.47,100
36510404,10:8:30:404,46.47,600
36510700,10:8:30:700,46.4799,548
36510865,10:8:30:865,46.48,100
36510865,10:8:30:865,46.48,400
36510866,10:8:30:866,46.48,100
36524993,10:8:44:993,46.44,100
36536723,10:8:56:723,46.48,100
36536724,10:8:56:724,46.49,100
36536724,10:8:56:724,46.49,100
36536724,10:8:56:724,46.49,119
36536724,10:8:56:724,46.49,100
36538159,10:8:58:159,46.45,100
36538200,10:8:58:200,46.45,100
36538200,10:8:58:200,46.45,300
36538200,10:8:58:200,46.45,14
36538249,10:8:58:249,46.46,100
36539113,10:8:59:113,46.46,996
36539113,10:8:59:113,46.46,4
36539113,10:8:59:113,46.46,100
36539953,10:8:59:953,46.44,100
36562522,10:9:22:522,46.48,100
36562522,10:9:22:522,46.48,20
36562522,10:9:22:522,46.48,100
36562522,10:9:22:522,46.48,80
36562522,10:9:22:522,46.48,500
36562522,10:9:22:522,46.48,54
36562523,10:9:22:523,46.48,97
36562523,10:9:22:523,46.47,54
36562523,10:9:22:523,46.48,146
36562523,10:9:22:523,46.48,54
36562523,10:9:22:523,46.48,100
36562523,10:9:22:523,46.48,81
36562524,10:9:22:524,46.48,39
36562524,10:9:22:524,46.48,30
36562524,10:9:22:524,46.48,34
36562526,10:9:22:526,46.49,20
36562527,10:9:22:527,46.49,20
36562527,10:9:22:527,46.49,60
36562532,10:9:22:532,46.48,100
36562538,10:9:22:538,46.5,200
36563086,10:9:23:86,46.48,200
36563199,10:9:23:199,46.49,100
36563199,10:9:23:199,46.48,200
36563451,10:9:23:451,46.49,100
36563451,10:9:23:451,46.49,5
36563653,10:9:23:653,46.49,100
36563655,10:9:23:655,46.49,100
36563655,10:9:23:655,46.49,58
36563659,10:9:23:659,46.49,100
36563859,10:9:23:859,46.49,200
36563859,10:9:23:859,46.49,137
36564106,10:9:24:106,46.5,100
36569949,10:9:29:949,46.48,300
36569949,10:9:29:949,46.49,100
36569949,10:9:29:949,46.48,100
36569949,10:9:29:949,46.48,15
36569949,10:9:29:949,46.48,100
36569949,10:9:29:949,46.48,100
36569949,10:9:29:949,46.48,100
36569949,10:9:29:949,46.48,100
36569949,10:9:29:949,46.48,100
36569950,10:9:29:950,46.48,100
36569950,10:9:29:950,46.48,100
36569950,10:9:29:950,46.48,15
36569950,10:9:29:950,46.48,100
36569950,10:9:29:950,46.48,100
36569950,10:9:29:950,46.48,15
36569950,10:9:29:950,46.48,100
36569951,10:9:29:951,46.48,100
36569951,10:9:29:951,46.48,100
36569951,10:9:29:951,46.48,100
36569952,10:9:29:952,46.48,100
36569952,10:9:29:952,46.48,70
36569953,10:9:29:953,46.48,100
36569953,10:9:29:953,46.48,100
36569953,10:9:29:953,46.48,100
36569953,10:9:29:953,46.48,100
36569954,10:9:29:954,46.48,100
36569954,10:9:29:954,46.48,100
36569954,10:9:29:954,46.48,100
36569954,10:9:29:954,46.48,100
36569955,10:9:29:955,46.48,10
36569955,10:9:29:955,46.49,100
36569955,10:9:29:955,46.48,100
36569964,10:9:29:964,46.49,100
36569964,10:9:29:964,46.49,100
36569965,10:9:29:965,46.49,100
36569969,10:9:29:969,46.49,30
36570032,10:9:30:32,46.49,800
36570033,10:9:30:33,46.49,100
36570033,10:9:30:33,46.49,100
36570033,10:9:30:33,46.49,100
36570045,10:9:30:45,46.48,100
36570045,10:9:30:45,46.48,100
36570045,10:9:30:45,46.48,100
36570045,10:9:30:45,46.48,100
36570045,10:9:30:45,46.48,100
36571080,10:9:31:80,46.47,100
36571973,10:9:31:973,46.47,100
36571973,10:9:31:973,46.47,100
36571973,10:9:31:973,46.47,100
36571973,10:9:31:973,46.47,100
36571980,10:9:31:980,46.47,100
36571981,10:9:31:981,46.47,100
36571981,10:9:31:981,46.47,100
36571981,10:9:31:981,46.47,100
36571982,10:9:31:982,46.47,100
36572204,10:9:32:204,46.5,100
36572215,10:9:32:215,46.5,300
36572288,10:9:32:288,46.5,200
36573327,10:9:33:327,46.47,100
36573327,10:9:33:327,46.46,300
36573327,10:9:33:327,46.46,100
36578873,10:9:38:873,46.5,20
36578875,10:9:38:875,46.5,600
36578877,10:9:38:877,46.5,100
36578877,10:9:38:877,46.5,20
36578877,10:9:38:877,46.5,10
36578878,10:9:38:878,46.5,100
36578878,10:9:38:878,46.5,20
36578879,10:9:38:879,46.5,74
36578880,10:9:38:880,46.5,300
36578881,10:9:38:881,46.51,100
36578881,10:9:38:881,46.51,100
36578975,10:9:38:975,46.54,5
36579064,10:9:39:64,46.51,40
36584691,10:9:44:691,46.55,100
36585016,10:9:45:16,46.59,5
36585024,10:9:45:24,46.59,300
36585026,10:9:45:26,46.5899,200
36587918,10:9:47:918,46.59,20
36587931,10:9:47:931,46.59,20
36587961,10:9:47:961,46.59,20
36588023,10:9:48:23,46.59,100
36588024,10:9:48:24,46.59,3
36588079,10:9:48:79,46.59,77
36588110,10:9:48:110,46.59,100
36588115,10:9:48:115,46.59,13
36588115,10:9:48:115,46.59,67
36588368,10:9:48:368,46.59,200
36592661,10:9:52:661,46.58,100
36592661,10:9:52:661,46.57,50
36592662,10:9:52:662,46.59,100
36592662,10:9:52:662,46.57,100
36592662,10:9:52:662,46.57,100
36592662,10:9:52:662,46.57,100
36592662,10:9:52:662,46.57,100
36592662,10:9:52:662,46.57,100
36592662,10:9:52:662,46.58,5
36592863,10:9:52:863,46.56,200
36592863,10:9:52:863,46.56,100
36592863,10:9:52:863,46.56,100
36592864,10:9:52:864,46.56,100
36592865,10:9:52:865,46.56,100
36592865,10:9:52:865,46.56,100
36592866,10:9:52:866,46.56,100
36592866,10:9:52:866,46.56,96
36592872,10:9:52:872,46.56,200
36595084,10:9:55:84,46.57,100
36596339,10:9:56:339,46.55,100
36596339,10:9:56:339,46.55,100
36596339,10:9:56:339,46.55,146
36596339,10:9:56:339,46.55,46
36596339,10:9:56:339,46.55,59
36596339,10:9:56:339,46.55,54
36596339,10:9:56:339,46.55,100
36596339,10:9:56:339,46.54,100
36596339,10:9:56:339,46.54,75
36596339,10:9:56:339,46.54,25
36596340,10:9:56:340,46.54,100
36596340,10:9:56:340,46.54,25
36596340,10:9:56:340,46.54,100
36596341,10:9:56:341,46.565,100
36596765,10:9:56:765,46.52,200
36596765,10:9:56:765,46.52,200
36599175,10:9:59:175,46.51,100
36599176,10:9:59:176,46.51,100
36602038,10:10:2:38,46.5,30
36604015,10:10:4:15,46.5,100
36604015,10:10:4:15,46.5,100
36604015,10:10:4:15,46.5,100
36606012,10:10:6:12,46.49,100
36606012,10:10:6:12,46.49,100
36608114,10:10:8:114,46.48,100
36608115,10:10:8:115,46.47,100
36608172,10:10:8:172,46.46,100
36608325,10:10:8:325,46.46,100
36608326,10:10:8:326,46.46,100
36608335,10:10:8:335,46.46,100
36608336,10:10:8:336,46.46,100
36608336,10:10:8:336,46.46,10
36608336,10:10:8:336,46.46,10
36608336,10:10:8:336,46.46,80
36608336,10:10:8:336,46.46,100
36613068,10:10:13:68,46.4586,392
36613231,10:10:13:231,46.47,100
36613231,10:10:13:231,46.47,100
36613231,10:10:13:231,46.47,3
36613231,10:10:13:231,46.47,97
36613231,10:10:13:231,46.47,68
36613235,10:10:13:235,46.48,300
36613236,10:10:13:236,46.49,100
36613236,10:10:13:236,46.49,100
36613262,10:10:13:262,46.49,100
36613262,10:10:13:262,46.49,100
36613263,10:10:13:263,46.49,25
36613263,10:10:13:263,46.49,75
36613363,10:10:13:363,46.48,3
36621131,10:10:21:131,46.47,100
36621468,10:10:21:468,46.485,100
36627506,10:10:27:506,46.5,100
36627506,10:10:27:506,46.5,100
36627506,10:10:27:506,46.5,100
36627506,10:10:27:506,46.5,20
36627506,10:10:27:506,46.5,100
36627515,10:10:27:515,46.5,100
36627525,10:10:27:525,46.5,100
36627526,10:10:27:526,46.5,16
36627526,10:10:27:526,46.5,100
36627526,10:10:27:526,46.5,84
36627875,10:10:27:875,46.49,100
36633349,10:10:33:349,46.48,31
36633349,10:10:33:349,46.48,69
36633349,10:10:33:349,46.48,200
36633349,10:10:33:349,46.48,100
36633349,10:10:33:349,46.48,100
36633532,10:10:33:532,46.47,200
36633535,10:10:33:535,46.47,100
36633760,10:10:33:760,46.48,300
36633761,10:10:33:761,46.48,100
36633761,10:10:33:761,46.48,100
36633761,10:10:33:761,46.48,100
36633761,10:10:33:761,46.48,100
36633761,10:10:33:761,46.48,100
36633769,10:10:33:769,46.48,100
36633810,10:10:33:810,46.47,100
36633810,10:10:33:810,46.47,100
36633810,10:10:33:810,46.47,300
36633810,10:10:33:810,46.47,83
36633810,10:10:33:810,46.47,100
36634579,10:10:34:579,46.47,100
36634759,10:10:34:759,46.48,100
36634759,10:10:34:759,46.48,100
36634768,10:10:34:768,46.48,100
36634773,10:10:34:773,46.49,100
36636476,10:10:36:476,46.46,100
36636639,10:10:36:639,46.46,100
36636990,10:10:36:990,46.48,13
36650924,10:10:50:924,46.48,20
36650924,10:10:50:924,46.48,100
36650924,10:10:50:924,46.48,80
36650925,10:10:50:925,46.48,100
36651257,10:10:51:257,46.49,200
36651257,10:10:51:257,46.49,100
36656377,10:10:56:377,46.5,185
36656377,10:10:56:377,46.5,200
36656377,10:10:56:377,46.5,100
36656421,10:10:56:421,46.51,100
36660579,10:11:0:579,46.51,17
36660588,10:11:0:588,46.51,200
36660590,10:11:0:590,46.51,117
36660590,10:11:0:590,46.51,83
36660919,10:11:0:919,46.5,100
36660919,10:11:0:919,46.5,100
36666760,10:11:6:760,46.49,20
36666760,10:11:6:760,46.49,100
36666760,10:11:6:760,46.49,100
36666771,10:11:6:771,46.48,100
36666771,10:11:6:771,46.48,100
36666772,10:11:6:772,46.485,300
36666772,10:11:6:772,46.485,300
36666784,10:11:6:784,46.48,40
36668410,10:11:8:410,46.48,80
36672811,10:11:12:811,46.47,100
36673178,10:11:13:178,46.47,100
36673179,10:11:13:179,46.47,100
36673180,10:11:13:180,46.46,100
36673180,10:11:13:180,46.46,100
36673451,10:11:13:451,46.47,100
36674386,10:11:14:386,46.48,200
36674386,10:11:14:386,46.48,200
36674387,10:11:14:387,46.48,100
36674387,10:11:14:387,46.48,100
36674398,10:11:14:398,46.48,300
36674398,10:11:14:398,46.48,100
36674399,10:11:14:399,46.49,100
36674408,10:11:14:408,46.49,100
36676885,10:11:16:885,46.48,100
36676889,10:11:16:889,46.48,200
36676893,10:11:16:893,46.48,100
36676893,10:11:16:893,46.48,100
36676893,10:11:16:893,46.48,20
36676895,10:11:16:895,46.49,100
36676895,10:11:16:895,46.49,100
36676896,10:11:16:896,46.49,100
36676896,10:11:16:896,46.49,100
36676896,10:11:16:896,46.49,100
36676897,10:11:16:897,46.49,100
36676900,10:11:16:900,46.5,100
36676900,10:11:16:900,46.5,200
36676900,10:11:16:900,46.5,100
36676901,10:11:16:901,46.48,100
36677927,10:11:17:927,46.49,100
36677927,10:11:17:927,46.5,100
36677927,10:11:17:927,46.5,100
36677927,10:11:17:927,46.49,100
36677928,10:11:17:928,46.5,100
36679146,10:11:19:146,46.49,100
36679462,10:11:19:462,46.51,400
36679462,10:11:19:462,46.51,400
36679462,10:11:19:462,46.51,100
36679462,10:11:19:462,46.51,100
36679462,10:11:19:462,46.51,100
36679462,10:11:19:462,46.51,100
36679463,10:11:19:463,46.51,100
36679463,10:11:19:463,46.51,100
36679464,10:11:19:464,46.51,100
36679464,10:11:19:464,46.51,100
36679464,10:11:19:464,46.51,100
36702070,10:11:42:70,46.52,20
36702070,10:11:42:70,46.52,20
36708628,10:11:48:628,46.52,60
36708628,10:11:48:628,46.52,60
36708629,10:11:48:629,46.52,15
36708629,10:11:48:629,46.52,14
36708629,10:11:48:629,46.52,100
36708629,10:11:48:629,46.52,119
36708630,10:11:48:630,46.52,20
36708630,10:11:48:630,46.52,100
36708635,10:11:48:635,46.53,20
36708637,10:11:48:637,46.52,100
36708705,10:11:48:705,46.52,100
36708725,10:11:48:725,46.52,100
36708847,10:11:48:847,46.52,100
36713685,10:11:53:685,46.5,100
36715910,10:11:55:910,46.515,100
36716271,10:11:56:271,46.53,30
36726185,10:12:6:185,46.5,100
36726185,10:12:6:185,46.5,200
36726185,10:12:6:185,46.5,19
36726185,10:12:6:185,46.5,100
36726185,10:12:6:185,46.5,100
36726185,10:12:6:185,46.515,100
36726186,10:12:6:186,46.51,300
36726191,10:12:6:191,46.5,500
36726201,10:12:6:201,46.51,600
36726357,10:12:6:357,46.52,100
36726362,10:12:6:362,46.52,100
36726364,10:12:6:364,46.52,600
36726366,10:12:6:366,46.52,200
36733241,10:12:13:241,46.52,100
36733242,10:12:13:242,46.52,20
36738739,10:12:18:739,46.5,100
36745937,10:12:25:937,46.52,20
36772737,10:12:52:737,46.52,30
36774480,10:12:54:480,46.505,100
36777234,10:12:57:234,46.52,100
36777234,10:12:57:234,46.52,60
36777234,10:12:57:234,46.52,200
36780589,10:13:0:589,46.53,100
36780589,10:13:0:589,46.53,100
36780589,10:13:0:589,46.53,100
36780589,10:13:0:589,46.53,200
36780591,10:13:0:591,46.54,20
36780592,10:13:0:592,46.54,5
36780893,10:13:0:893,46.54,100
36780901,10:13:0:901,46.54,100
36781063,10:13:1:63,46.55,300
36781063,10:13:1:63,46.55,100
36781063,10:13:1:63,46.55,100
36781063,10:13:1:63,46.55,100
36781063,10:13:1:63,46.55,100
36781225,10:13:1:225,46.55,100
36781300,10:13:1:300,46.55,100
36781300,10:13:1:300,46.55,17
36781300,10:13:1:300,46.55,83
36781300,10:13:1:300,46.55,17
36781302,10:13:1:302,46.54,300
36791990,10:13:11:990,46.56,100
36797655,10:13:17:655,46.53,3
36798654,10:13:18:654,46.53,79
36798654,10:13:18:654,46.53,197
36798654,10:13:18:654,46.54,334
36798654,10:13:18:654,46.54,334
36798654,10:13:18:654,46.54,334
36798654,10:13:18:654,46.53,34
36798654,10:13:18:654,46.53,100
36798654,10:13:18:654,46.53,100
36798654,10:13:18:654,46.535,100
36798654,10:13:18:654,46.53,48
36798654,10:13:18:654,46.53,100
36798654,10:13:18:654,46.53,152
36798654,10:13:18:654,46.53,100
36798654,10:13:18:654,46.54,334
36798655,10:13:18:655,46.54,400
36798655,10:13:18:655,46.535,300
36798655,10:13:18:655,46.535,600
36798663,10:13:18:663,46.53,200
36800439,10:13:20:439,46.52,100
36802037,10:13:22:37,46.52,200
36802741,10:13:22:741,46.53,100
36802741,10:13:22:741,46.53,100
36802741,10:13:22:741,46.53,79
36802741,10:13:22:741,46.53,200
36827646,10:13:47:646,46.54,20
36828140,10:13:48:140,46.5,100
36828140,10:13:48:140,46.5,100
36828140,10:13:48:140,46.5,5
36828140,10:13:48:140,46.5,100
36828140,10:13:48:140,46.5,201
36828141,10:13:48:141,46.49,200
36828142,10:13:48:142,46.49,100
36828742,10:13:48:742,46.51,100
36828742,10:13:48:742,46.52,200
36842823,10:14:2:823,46.51,20
36843599,10:14:3:599,46.495,100
36844539,10:14:4:539,46.4801,1000
36844609,10:14:4:609,46.5,100
36845055,10:14:5:55,46.48,100
36855554,10:14:15:554,46.49,13
36855644,10:14:15:644,46.48,100
36855645,10:14:15:645,46.48,7
36862447,10:14:22:447,46.46,1
36862447,10:14:22:447,46.46,100
36862447,10:14:22:447,46.48,300
36865095,10:14:25:95,46.46,200
36865095,10:14:25:95,46.46,20
36865098,10:14:25:98,46.46,80
36869771,10:14:29:771,46.48,100
36888474,10:14:48:474,46.465,700
36888919,10:14:48:919,46.465,300
36892283,10:14:52:283,46.46,100
36897016,10:14:57:16,46.48,20
36897018,10:14:57:18,46.48,100
36897018,10:14:57:18,46.48,100
36897018,10:14:57:18,46.48,300
36897018,10:14:57:18,46.48,100
36897018,10:14:57:18,46.48,100
36897018,10:14:57:18,46.48,100
36897018,10:14:57:18,46.48,100
36897018,10:14:57:18,46.48,80
36897018,10:14:57:18,46.48,100
36897030,10:14:57:30,46.48,100
36897057,10:14:57:57,46.48,20
36897057,10:14:57:57,46.48,100
36897057,10:14:57:57,46.48,3
36897057,10:14:57:57,46.48,80
36897136,10:14:57:136,46.47,100
36899562,10:14:59:562,46.49,20
36908976,10:15:8:976,46.47,110
36909523,10:15:9:523,46.48,100
36909523,10:15:9:523,46.48,100
36909602,10:15:9:602,46.47,90
36911434,10:15:11:434,46.48,100
36913309,10:15:13:309,46.47,100
36918764,10:15:18:764,46.49,100
36918765,10:15:18:765,46.49,218
36918765,10:15:18:765,46.49,100
36918765,10:15:18:765,46.49,100
36918765,10:15:18:765,46.49,100
36918765,10:15:18:765,46.49,100
36918765,10:15:18:765,46.49,158
36918765,10:15:18:765,46.49,300
36918765,10:15:18:765,46.49,45
36918801,10:15:18:801,46.49,300
36918815,10:15:18:815,46.5,100
36918815,10:15:18:815,46.5,100
36918885,10:15:18:885,46.5,100
36930109,10:15:30:109,46.5,100
36930109,10:15:30:109,46.5,100
36933551,10:15:33:551,46.5,100
36942423,10:15:42:423,46.51,200
36942423,10:15:42:423,46.51,100
36942423,10:15:42:423,46.51,100
36947821,10:15:47:821,46.52,100
36947892,10:15:47:892,46.53,100
36947892,10:15:47:892,46.53,100
36947892,10:15:47:892,46.53,20
36947906,10:15:47:906,46.53,100
36949003,10:15:49:3,46.54,100
36953325,10:15:53:325,46.56,100
36960909,10:16:0:909,46.56,100
36961332,10:16:1:332,46.56,20
36961883,10:16:1:883,46.54,794
36962358,10:16:2:358,46.54,100
36972384,10:16:12:384,46.56,5
36977606,10:16:17:606,46.56,100
36980087,10:16:20:87,46.56,80
36980087,10:16:20:87,46.56,20
36988612,10:16:28:612,46.56,100
36998515,10:16:38:515,46.56,100
37005145,10:16:45:145,46.53,100
37006713,10:16:46:713,46.56,100
37011265,10:16:51:265,46.54,100
37011265,10:16:51:265,46.53,100
37011265,10:16:51:265,46.53,100
37011265,10:16:51:265,46.53,100
37011265,10:16:51:265,46.53,10
37011266,10:16:51:266,46.53,182
37011266,10:16:51:266,46.53,100
37011266,10:16:51:266,46.52,100
37011266,10:16:51:266,46.52,50
37011266,10:16:51:266,46.52,50
37011266,10:16:51:266,46.53,600
37011266,10:16:51:266,46.52,300
37011267,10:16:51:267,46.52,37
37011267,10:16:51:267,46.52,101
37011267,10:16:51:267,46.52,63
37011267,10:16:51:267,46.52,100
37011269,10:16:51:269,46.525,504
37011749,10:16:51:749,46.51,400
37011749,10:16:51:749,46.51,100
37011750,10:16:51:750,46.51,100
37011750,10:16:51:750,46.51,100
37012721,10:16:52:721,46.5,100
37012722,10:16:52:722,46.5,47
37013326,10:16:53:326,46.52,400
37013326,10:16:53:326,46.52,100
37017368,10:16:57:368,46.52,100
37017368,10:16:57:368,46.52,100
37017368,10:16:57:368,46.52,20
37018695,10:16:58:695,46.53,20
37019025,10:16:59:25,46.53,100
37041400,10:17:21:400,46.512,50
37053003,10:17:33:3,46.5,100
37061916,10:17:41:916,46.5004,100
37064541,10:17:44:541,46.52,100
37066918,10:17:46:918,46.52,300
37066919,10:17:46:919,46.52,80
37066919,10:17:46:919,46.52,100
37066919,10:17:46:919,46.52,100
37066919,10:17:46:919,46.52,100
37073478,10:17:53:478,46.52,100
37074629,10:17:54:629,46.53,100
37074629,10:17:54:629,46.53,100
37077867,10:17:57:867,46.53,100
37077870,10:17:57:870,46.54,100
37077870,10:17:57:870,46.55,302
37077871,10:17:57:871,46.55,100
37077876,10:17:57:876,46.55,100
37077876,10:17:57:876,46.55,100
37077876,10:17:57:876,46.55,100
37077876,10:17:57:876,46.55,100
37077876,10:17:57:876,46.55,100
37077877,10:17:57:877,46.56,100
37077883,10:17:57:883,46.56,100
37077902,10:17:57:902,46.56,100
37082176,10:18:2:176,46.53,100
37085088,10:18:5:88,46.53,6
37085089,10:18:5:89,46.53,100
37085089,10:18:5:89,46.54,100
37098134,10:18:18:134,46.53,100
37098134,10:18:18:134,46.53,100
37153963,10:19:13:963,46.53,100
37153963,10:19:13:963,46.53,200
37155303,10:19:15:303,46.53,100
37155363,10:19:15:363,46.54,20
37155363,10:19:15:363,46.54,20
37155432,10:19:15:432,46.53,100
37155432,10:19:15:432,46.53,6
37168001,10:19:28:1,46.54,100
37168001,10:19:28:1,46.54,80
37168001,10:19:28:1,46.54,100
37173827,10:19:33:827,46.55,100
37173828,10:19:33:828,46.55,100
37173838,10:19:33:838,46.55,1000
37173838,10:19:33:838,46.55,1000
37173838,10:19:33:838,46.55,1000
37173839,10:19:33:839,46.55,1000
37173860,10:19:33:860,46.55,200
37173977,10:19:33:977,46.54,100
37174152,10:19:34:152,46.54,100
37180647,10:19:40:647,46.56,100
37180695,10:19:40:695,46.57,100
37180695,10:19:40:695,46.57,100
37187662,10:19:47:662,46.56,100
37187706,10:19:47:706,46.58,100
37187706,10:19:47:706,46.58,200
37188570,10:19:48:570,46.57,47
37193692,10:19:53:692,46.56,53
37197544,10:19:57:544,46.56,47
37197546,10:19:57:546,46.59,20
37211064,10:20:11:64,46.56,100
37211064,10:20:11:64,46.56,2
37211065,10:20:11:65,46.56,100
37211065,10:20:11:65,46.56,51
37211065,10:20:11:65,46.56,100
37211065,10:20:11:65,46.56,100
37211065,10:20:11:65,46.565,300
37211065,10:20:11:65,46.565,300
37211066,10:20:11:66,46.56,6
37211103,10:20:11:103,46.55,100
37211103,10:20:11:103,46.55,200
37211103,10:20:11:103,46.55,100
37211103,10:20:11:103,46.55,100
37211149,10:20:11:149,46.55,100
37211154,10:20:11:154,46.55,200
37211155,10:20:11:155,46.55,88
37214522,10:20:14:522,46.55,100
37214612,10:20:14:612,46.55,34
37214949,10:20:14:949,46.56,100
37214949,10:20:14:949,46.56,100
37214949,10:20:14:949,46.56,200
37214949,10:20:14:949,46.56,31
37214950,10:20:14:950,46.56,95
37216012,10:20:16:12,46.56,18
37216060,10:20:16:60,46.56,100
37218664,10:20:18:664,46.56,100
37222208,10:20:22:208,46.56,100
37226897,10:20:26:897,46.56,100
37226897,10:20:26:897,46.56,100
37226897,10:20:26:897,46.56,100
37226897,10:20:26:897,46.56,100
37226899,10:20:26:899,46.57,20
37231595,10:20:31:595,46.57,100
37231595,10:20:31:595,46.57,20
37246041,10:20:46:41,46.57,100
37253849,10:20:53:849,46.57,100
37255367,10:20:55:367,46.58,100
37255367,10:20:55:367,46.58,100
37255367,10:20:55:367,46.58,100
37257504,10:20:57:504,46.59,100
37257504,10:20:57:504,46.59,100
37258010,10:20:58:10,46.59,200
37258363,10:20:58:363,46.59,100
37258795,10:20:58:795,46.595,1200
37258879,10:20:58:879,46.6,100
37258879,10:20:58:879,46.6,10
37258879,10:20:58:879,46.6,100
37258887,10:20:58:887,46.6,100
37259247,10:20:59:247,46.59,100
37259352,10:20:59:352,46.59,100
37262877,10:21:2:877,46.61,200
37262901,10:21:2:901,46.61,100
37267742,10:21:7:742,46.62,20
37267982,10:21:7:982,46.63,42
37267982,10:21:7:982,46.63,8
37267983,10:21:7:983,46.63,50
37267996,10:21:7:996,46.63,350
37268010,10:21:8:10,46.63,50
37274659,10:21:14:659,46.6,265
37274660,10:21:14:660,46.6,16
37274660,10:21:14:660,46.6,35
37274660,10:21:14:660,46.6,49
37274660,10:21:14:660,46.6,51
37274718,10:21:14:718,46.62,100
37288722,10:21:28:722,46.62,100
37288722,10:21:28:722,46.62,100
37288722,10:21:28:722,46.62,100
37288722,10:21:28:722,46.62,100
37288836,10:21:28:836,46.6,100
37288836,10:21:28:836,46.6,100
37288923,10:21:28:923,46.61,200
37292565,10:21:32:565,46.59,100
37310774,10:21:50:774,46.62,100
37310883,10:21:50:883,46.62,100
37310974,10:21:50:974,46.62,100
37320371,10:22:0:371,46.62,10
37322477,10:22:2:477,46.62,100
37322477,10:22:2:477,46.62,100
37322477,10:22:2:477,46.62,90
37339330,10:22:19:330,46.63,100
37339999,10:22:19:999,46.63,100
37339999,10:22:19:999,46.62,100
37339999,10:22:19:999,46.62,100
37339999,10:22:19:999,46.62,100
37340063,10:22:20:63,46.62,100
37340863,10:22:20:863,46.6,100
37340863,10:22:20:863,46.6,100
37340864,10:22:20:864,46.6,200
37340864,10:22:20:864,46.6,10
37340864,10:22:20:864,46.6,100
37340864,10:22:20:864,46.6,100
37340864,10:22:20:864,46.6,50
37340864,10:22:20:864,46.6,50
37340864,10:22:20:864,46.605,300
37341287,10:22:21:287,46.6,100
37345788,10:22:25:788,46.59,17
37345788,10:22:25:788,46.6,313
37345788,10:22:25:788,46.59,22
37345789,10:22:25:789,46.59,100
37345789,10:22:25:789,46.59,98
37345789,10:22:25:789,46.6,317
37345956,10:22:25:956,46.6,300
37346117,10:22:26:117,46.61,100
37356736,10:22:36:736,46.61,100
37356736,10:22:36:736,46.61,100
37356736,10:22:36:736,46.61,200
37361460,10:22:41:460,46.61,100
37363062,10:22:43:62,46.61,100
37365268,10:22:45:268,46.61,100
37365269,10:22:45:269,46.61,100
37365269,10:22:45:269,46.61,8
37365969,10:22:45:969,46.62,100
37365969,10:22:45:969,46.62,51
37372088,10:22:52:88,46.6,3
37379017,10:22:59:17,46.62,100
37381920,10:23:1:920,46.62,100
37381920,10:23:1:920,46.62,100
37381922,10:23:1:922,46.63,100
37382096,10:23:2:96,46.63,100
37392606,10:23:12:606,46.62,200
37392667,10:23:12:667,46.63,100
37397555,10:23:17:555,46.63,224
37397555,10:23:17:555,46.63,100
37397555,10:23:17:555,46.63,6
37397556,10:23:17:556,46.64,100
37397557,10:23:17:557,46.64,198
37397559,10:23:17:559,46.64,100
37397563,10:23:17:563,46.64,100
37398063,10:23:18:63,46.65,100
37401691,10:23:21:691,46.65,100
37401691,10:23:21:691,46.65,100
37402200,10:23:22:200,46.63,100
37402414,10:23:22:414,46.63,100
37422060,10:23:42:60,46.65,20
37422060,10:23:42:60,46.65,100
37422060,10:23:42:60,46.65,100
37422060,10:23:42:60,46.65,31
37422060,10:23:42:60,46.65,100
37422095,10:23:42:95,46.66,100
37425994,10:23:45:994,46.67,100
37437155,10:23:57:155,46.67,10
37437155,10:23:57:155,46.67,100
37437156,10:23:57:156,46.67,28
37437156,10:23:57:156,46.67,160
37437156,10:23:57:156,46.68,100
37437157,10:23:57:157,46.67,12
37437158,10:23:57:158,46.68,100
37437162,10:23:57:162,46.68,176
37437163,10:23:57:163,46.68,286
37437163,10:23:57:163,46.68,100
37437163,10:23:57:163,46.68,38
37437172,10:23:57:172,46.685,400
37437602,10:23:57:602,46.68,100
37437602,10:23:57:602,46.68,100
37437858,10:23:57:858,46.68,100
37438045,10:23:58:45,46.68,100
37440363,10:24:0:363,46.68,200
37440363,10:24:0:363,46.68,100
37440363,10:24:0:363,46.68,100
37440363,10:24:0:363,46.68,18
37440363,10:24:0:363,46.68,100
37440363,10:24:0:363,46.68,100
37440363,10:24:0:363,46.68,100
37440363,10:24:0:363,46.68,100
37440365,10:24:0:365,46.69,100
37440366,10:24:0:366,46.69,500
37441724,10:24:1:724,46.675,300
37441724,10:24:1:724,46.67,100
37441724,10:24:1:724,46.67,100
37441724,10:24:1:724,46.675,318
37441725,10:24:1:725,46.67,100
37441725,10:24:1:725,46.67,100
37441725,10:24:1:725,46.67,18
37442271,10:24:2:271,46.675,300
37442271,10:24:2:271,46.675,400
37442734,10:24:2:734,46.68,100
37442803,10:24:2:803,46.67,85
37442986,10:24:2:986,46.675,300
37442986,10:24:2:986,46.675,300
37443288,10:24:3:288,46.68,20
37444264,10:24:4:264,46.67,114
37447189,10:24:7:189,46.67,100
37451704,10:24:11:704,46.68,100
37451704,10:24:11:704,46.68,100
37451704,10:24:11:704,46.68,100
37451704,10:24:11:704,46.68,100
37459579,10:24:19:579,46.68,127
37459579,10:24:19:579,46.68,158
37459579,10:24:19:579,46.68,79
37459579,10:24:19:579,46.68,100
37459579,10:24:19:579,46.68,110
37464092,10:24:24:92,46.68,200
37464149,10:24:24:149,46.69,100
37467698,10:24:27:698,46.69,81
37467698,10:24:27:698,46.69,19
37467699,10:24:27:699,46.69,200
37467699,10:24:27:699,46.69,100
37471715,10:24:31:715,46.7,100
37471715,10:24:31:715,46.7,100
37471716,10:24:31:716,46.7,51
37472292,10:24:32:292,46.7,100
37472535,10:24:32:535,46.7,100
37472535,10:24:32:535,46.7,100
37472536,10:24:32:536,46.7,49
37472654,10:24:32:654,46.72,20
37479137,10:24:39:137,46.7098,38
37481924,10:24:41:924,46.7,20
37481924,10:24:41:924,46.7,80
37481925,10:24:41:925,46.7,100
37481930,10:24:41:930,46.7,100
37482400,10:24:42:400,46.7061,200
37485725,10:24:45:725,46.7,100
37486692,10:24:46:692,46.7,18
37490626,10:24:50:626,46.7,100
37491739,10:24:51:739,46.7,20
37491739,10:24:51:739,46.7,100
37491739,10:24:51:739,46.7,80
37491739,10:24:51:739,46.7,100
37491739,10:24:51:739,46.7,20
37491739,10:24:51:739,46.7,100
37491740,10:24:51:740,46.7,100
37491740,10:24:51:740,46.705,600
37491748,10:24:51:748,46.69,100
37491748,10:24:51:748,46.695,200
37491748,10:24:51:748,46.69,100
37491757,10:24:51:757,46.7,100
37491757,10:24:51:757,46.7,100
37491757,10:24:51:757,46.7,100
37491882,10:24:51:882,46.69,100
37492624,10:24:52:624,46.6997,35
37493443,10:24:53:443,46.69,300
37499426,10:24:59:426,46.69,89
37501351,10:25:1:351,46.71,100
37505666,10:25:5:666,46.6998,11
37512339,10:25:12:339,46.6901,100
37512346,10:25:12:346,46.697,22
37513528,10:25:13:528,46.69,29
37514724,10:25:14:724,46.7,21
37518231,10:25:18:231,46.71,100
37520585,10:25:20:585,46.6997,36
37521853,10:25:21:853,46.69,100
37522137,10:25:22:137,46.69,100
37522971,10:25:22:971,46.69,100
37523137,10:25:23:137,46.69,100
37523373,10:25:23:373,46.71,100
37529490,10:25:29:490,46.7,45
37536913,10:25:36:913,46.7,17
37540084,10:25:40:84,46.69,100
37540084,10:25:40:84,46.69,200
37540084,10:25:40:84,46.69,19
37540084,10:25:40:84,46.69,76
37540084,10:25:40:84,46.69,95
37540084,10:25:40:84,46.69,5
37540806,10:25:40:806,46.7,100
37543928,10:25:43:928,46.692,44
37550228,10:25:50:228,46.6898,21
37556906,10:25:56:906,46.69,100
37556906,10:25:56:906,46.69,100
37556906,10:25:56:906,46.69,300
37556906,10:25:56:906,46.69,100
37556906,10:25:56:906,46.69,100
37556906,10:25:56:906,46.69,100
37556907,10:25:56:907,46.7,100
37556920,10:25:56:920,46.69,100
37556924,10:25:56:924,46.69,138
37557037,10:25:57:37,46.69,100
37557909,10:25:57:909,46.7,100
37557909,10:25:57:909,46.7,100
37557909,10:25:57:909,46.7,100
37557909,10:25:57:909,46.7,98
37557909,10:25:57:909,46.7,100
37557910,10:25:57:910,46.7,2
37559723,10:25:59:723,46.695,74
37560110,10:26:0:110,46.69,100
37562662,10:26:2:662,46.69,100
37566481,10:26:6:481,46.7,89
37566934,10:26:6:934,46.7,11
37568367,10:26:8:367,46.6997,41
37570506,10:26:10:506,46.71,20
37573705,10:26:13:705,46.71,100
37573705,10:26:13:705,46.71,100
37573705,10:26:13:705,46.71,40
37573765,10:26:13:765,46.71,100
37573766,10:26:13:766,46.71,114
37573766,10:26:13:766,46.71,103
37573766,10:26:13:766,46.71,20
37573766,10:26:13:766,46.71,100
37573766,10:26:13:766,46.71,109
37573766,10:26:13:766,46.71,82
37573766,10:26:13:766,46.71,80
37573766,10:26:13:766,46.71,76
37577468,10:26:17:468,46.7097,98
37577582,10:26:17:582,46.7,200
37577992,10:26:17:992,46.72,100
37578238,10:26:18:238,46.7,10
37578238,10:26:18:238,46.7,100
37578238,10:26:18:238,46.7,100
37578238,10:26:18:238,46.7,100
37578238,10:26:18:238,46.7,1
37578238,10:26:18:238,46.7,100
37578238,10:26:18:238,46.7,100
37578240,10:26:18:240,46.7,100
37578243,10:26:18:243,46.7,100
37586107,10:26:26:107,46.7047,72
37587023,10:26:27:23,46.69,55
37587024,10:26:27:24,46.69,7
37587024,10:26:27:24,46.69,100
37587028,10:26:27:28,46.69,38
37587028,10:26:27:28,46.69,7
37587083,10:26:27:83,46.7,100
37587086,10:26:27:86,46.71,100
37591779,10:26:31:779,46.7,20
37591784,10:26:31:784,46.71,20
37597998,10:26:37:998,46.6998,21
37598378,10:26:38:378,46.71,100
37604936,10:26:44:936,46.6998,30
37608520,10:26:48:520,46.69,100
37608520,10:26:48:520,46.69,68
37608520,10:26:48:520,46.69,100
37608521,10:26:48:521,46.69,200
37608521,10:26:48:521,46.69,13
37608521,10:26:48:521,46.69,105
37608523,10:26:48:523,46.68,100
37610411,10:26:50:411,46.69,43
37612469,10:26:52:469,46.68,100
37612469,10:26:52:469,46.68,200
37612469,10:26:52:469,46.68,100
37612469,10:26:52:469,46.68,100
37616892,10:26:56:892,46.68,95
37622904,10:27:2:904,46.6797,84
37626540,10:27:6:540,46.67,11
37628774,10:27:8:774,46.68,19
37630883,10:27:10:883,46.6702,200
37635510,10:27:15:510,46.68,100
37635510,10:27:15:510,46.68,100
37635510,10:27:15:510,46.68,100
37635857,10:27:15:857,46.6797,15
37636273,10:27:16:273,46.68,100
37636273,10:27:16:273,46.68,100
37636394,10:27:16:394,46.68,100
37640735,10:27:20:735,46.67,36
37640735,10:27:20:735,46.68,136
37640735,10:27:20:735,46.67,20
37640735,10:27:20:735,46.67,64
37640736,10:27:20:736,46.68,200
37640736,10:27:20:736,46.67,64
37640736,10:27:20:736,46.68,192
37640736,10:27:20:736,46.67,64
37640736,10:27:20:736,46.68,100
37640736,10:27:20:736,46.68,200
37640736,10:27:20:736,46.67,26
37640736,10:27:20:736,46.67,30
37640736,10:27:20:736,46.68,200
37640737,10:27:20:737,46.68,202
37640737,10:27:20:737,46.67,34
37640737,10:27:20:737,46.67,48
37640738,10:27:20:738,46.67,8
37640738,10:27:20:738,46.68,130
37640742,10:27:20:742,46.67,26
37640743,10:27:20:743,46.67,74
37640754,10:27:20:754,46.67,100
37640968,10:27:20:968,46.6698,30
37641785,10:27:21:785,46.67,6
37641786,10:27:21:786,46.67,22
37641786,10:27:21:786,46.67,69
37642573,10:27:22:573,46.665,109
37642573,10:27:22:573,46.665,100
37642599,10:27:22:599,46.665,100
37642716,10:27:22:716,46.67,58
37642716,10:27:22:716,46.67,1200
37642716,10:27:22:716,46.67,100
37642716,10:27:22:716,46.67,42
37642717,10:27:22:717,46.67,100
37642717,10:27:22:717,46.67,100
37642722,10:27:22:722,46.67,42
37642776,10:27:22:776,46.67,300
37642776,10:27:22:776,46.67,500
37642777,10:27:22:777,46.67,500
37642889,10:27:22:889,46.66,100
37643048,10:27:23:48,46.67,200
37643061,10:27:23:61,46.67,102
37643153,10:27:23:153,46.67,100
37643557,10:27:23:557,46.67,100
37643638,10:27:23:638,46.67,100
37647636,10:27:27:636,46.6698,30
37650797,10:27:30:797,46.68,100
37650806,10:27:30:806,46.68,200
37657270,10:27:37:270,46.67,34
37657273,10:27:37:273,46.68,34
37661963,10:27:41:963,46.6345,100
37664229,10:27:44:229,46.6799,9
37664398,10:27:44:398,46.67,100
37668331,10:27:48:331,46.6799,4
37670810,10:27:50:810,46.67,66
37670810,10:27:50:810,46.68,24
37670812,10:27:50:812,46.68,66
37670813,10:27:50:813,46.67,24
37677459,10:27:57:459,46.6702,21
37682835,10:28:2:835,46.66,12
37688427,10:28:8:427,46.6698,77
37689027,10:28:9:27,46.67,100
37694608,10:28:14:608,46.6697,11
37700573,10:28:20:573,46.67,149
37706819,10:28:26:819,46.6698,32
37712330,10:28:32:330,46.68,900
37712330,10:28:32:330,46.68,100
37712331,10:28:32:331,46.68,100
37712331,10:28:32:331,46.68,131
37712331,10:28:32:331,46.68,100
37712331,10:28:32:331,46.68,178
37712331,10:28:32:331,46.68,100
37712331,10:28:32:331,46.68,20
37712331,10:28:32:331,46.68,100
37712336,10:28:32:336,46.68,400
37712346,10:28:32:346,46.68,100
37712739,10:28:32:739,46.6797,28
37713404,10:28:33:404,46.68,300
37713405,10:28:33:405,46.68,300
37717542,10:28:37:542,46.69,100
37719468,10:28:39:468,46.679,110
37720008,10:28:40:8,46.6821,100
37723890,10:28:43:890,46.685,66
37723890,10:28:43:890,46.68,100
37725553,10:28:45:553,46.685,10
37729453,10:28:49:453,46.69,100
37729453,10:28:49:453,46.69,100
37729460,10:28:49:460,46.69,100
37735353,10:28:55:353,46.69,47
37739027,10:28:59:27,46.7,100
37740709,10:29:0:709,46.6804,100
37741486,10:29:1:486,46.6857,13
37743842,10:29:3:842,46.7,100
37746675,10:29:6:675,46.7,100
37749823,10:29:9:823,46.69,17
37756665,10:29:16:665,46.6897,19
37763370,10:29:23:370,46.69,12
37763373,10:29:23:373,46.69,58
37763373,10:29:23:373,46.7,12
37763377,10:29:23:377,46.7,58
37763438,10:29:23:438,46.7,400
37763438,10:29:23:438,46.7,100
37763438,10:29:23:438,46.7,100
37763445,10:29:23:445,46.71,100
37763445,10:29:23:445,46.7,100
37763451,10:29:23:451,46.71,38
37763452,10:29:23:452,46.7,30
37764045,10:29:24:45,46.7,41
37770894,10:29:30:894,46.7049,23
37774143,10:29:34:143,46.7,100
37774144,10:29:34:144,46.7,100
37777397,10:29:37:397,46.705,92
37784192,10:29:44:192,46.7,29
37786598,10:29:46:598,46.705,100
37787626,10:29:47:626,46.705,100
37789937,10:29:49:937,46.705,29
37795897,10:29:55:897,46.705,100
37795897,10:29:55:897,46.705,200
37795897,10:29:55:897,46.705,100
37795897,10:29:55:897,46.705,157
37795897,10:29:55:897,46.7,21
37795897,10:29:55:897,46.705,100
37795897,10:29:55:897,46.705,100
37795897,10:29:55:897,46.705,100
37795898,10:29:55:898,46.705,500
37795898,10:29:55:898,46.705,300
37796399,10:29:56:399,46.7099,12
37796804,10:29:56:804,46.71,100
37800122,10:30:0:122,46.705,100
37802350,10:30:2:350,46.705,100
37802562,10:30:2:562,46.7049,26
37803108,10:30:3:108,46.705,100
37803114,10:30:3:114,46.7,50
37804004,10:30:4:4,46.7,50
37804004,10:30:4:4,46.7,45
37804005,10:30:4:5,46.7,40
37804007,10:30:4:7,46.7,14
37807855,10:30:7:855,46.705,200
37809594,10:30:9:594,46.706,27
37815859,10:30:15:859,46.7049,11
37817196,10:30:17:196,46.71,100
37817196,10:30:17:196,46.71,100
37817196,10:30:17:196,46.71,114
37817196,10:30:17:196,46.71,100
37817196,10:30:17:196,46.71,70
37817196,10:30:17:196,46.71,100
37817196,10:30:17:196,46.71,10
37817196,10:30:17:196,46.71,8
37817196,10:30:17:196,46.71,190
37817196,10:30:17:196,46.71,272
37817196,10:30:17:196,46.71,100
37817196,10:30:17:196,46.71,100
37817197,10:30:17:197,46.71,100
37817210,10:30:17:210,46.715,100
37817226,10:30:17:226,46.71,100
37817770,10:30:17:770,46.715,300
37817776,10:30:17:776,46.71,100
37817992,10:30:17:992,46.715,100
37817992,10:30:17:992,46.715,100
37819787,10:30:19:787,46.7059,100
37821723,10:30:21:723,46.71,100
37822052,10:30:22:52,46.7149,22
37823292,10:30:23:292,46.715,300
37823292,10:30:23:292,46.715,300
37823292,10:30:23:292,46.715,200
37823292,10:30:23:292,46.715,100
37823293,10:30:23:293,46.715,400
37826486,10:30:26:486,46.72,100
37826486,10:30:26:486,46.72,300
37826486,10:30:26:486,46.72,100
37826486,10:30:26:486,46.72,100
37826486,10:30:26:486,46.72,100
37826486,10:30:26:486,46.72,17
37826486,10:30:26:486,46.72,56
37826486,10:30:26:486,46.72,100
37826487,10:30:26:487,46.72,20
37826487,10:30:26:487,46.72,20
37827079,10:30:27:79,46.725,100
37828145,10:30:28:145,46.725,100
37828613,10:30:28:613,46.73,100
37828748,10:30:28:748,46.73,100
37828748,10:30:28:748,46.73,100
37828748,10:30:28:748,46.73,111
37828750,10:30:28:750,46.73,100
37828801,10:30:28:801,46.73,100
37829892,10:30:29:892,46.74,100
37836272,10:30:36:272,46.7205,100
37838809,10:30:38:809,46.74,100
37839804,10:30:39:804,46.74,200
37853410,10:30:53:410,46.74,100
37855148,10:30:55:148,46.75,100
37861733,10:31:1:733,46.74,10
37863176,10:31:3:176,46.75,20
37863177,10:31:3:177,46.75,80
37863177,10:31:3:177,46.75,9
37863177,10:31:3:177,46.75,200
37863223,10:31:3:223,46.745,100
37865299,10:31:5:299,46.745,100
37866117,10:31:6:117,46.75,10
37866389,10:31:6:389,46.745,100
37867404,10:31:7:404,46.74,70
37867404,10:31:7:404,46.74,30
37867404,10:31:7:404,46.745,297
37867405,10:31:7:405,46.745,100
37867405,10:31:7:405,46.74,40
37867405,10:31:7:405,46.745,198
37868141,10:31:8:141,46.745,302
37868141,10:31:8:141,46.745,10
37868141,10:31:8:141,46.74,88
37868146,10:31:8:146,46.74,300
37868170,10:31:8:170,46.745,100
37877290,10:31:17:290,46.745,60
37877306,10:31:17:306,46.745,40
37879002,10:31:19:2,46.745,300
37879002,10:31:19:2,46.745,60
37879002,10:31:19:2,46.745,90
37879003,10:31:19:3,46.745,100
37879003,10:31:19:3,46.745,100
37879003,10:31:19:3,46.745,23
37879003,10:31:19:3,46.745,100
37879358,10:31:19:358,46.745,900
37879358,10:31:19:358,46.745,600
37879358,10:31:19:358,46.745,100
37879358,10:31:19:358,46.745,860
37879358,10:31:19:358,46.74,40
37879365,10:31:19:365,46.74,100
37879422,10:31:19:422,46.75,100
37879425,10:31:19:425,46.75,200
37884227,10:31:24:227,46.74,84
37888722,10:31:28:722,46.74,30
37888722,10:31:28:722,46.74,30
37888722,10:31:28:722,46.74,100
37888722,10:31:28:722,46.74,200
37888722,10:31:28:722,46.74,296
37888722,10:31:28:722,46.74,97
37888723,10:31:28:723,46.74,24
37888723,10:31:28:723,46.74,204
37888723,10:31:28:723,46.74,3
37888723,10:31:28:723,46.74,2
37888723,10:31:28:723,46.74,411
37888723,10:31:28:723,46.745,100
37888723,10:31:28:723,46.74,12
37888723,10:31:28:723,46.74,100
37888723,10:31:28:723,46.74,195
37888723,10:31:28:723,46.74,5
37888723,10:31:28:723,46.74,5
37888723,10:31:28:723,46.74,100
37888724,10:31:28:724,46.73,100
37888733,10:31:28:733,46.73,21
37888752,10:31:28:752,46.735,100
37888754,10:31:28:754,46.73,100
37888754,10:31:28:754,46.73,300
37888755,10:31:28:755,46.73,49
37888755,10:31:28:755,46.73,100
37888755,10:31:28:755,46.73,100
37888760,10:31:28:760,46.73,300
37888760,10:31:28:760,46.73,100
37888761,10:31:28:761,46.73,100
37888827,10:31:28:827,46.72,79
37888827,10:31:28:827,46.72,200
37888827,10:31:28:827,46.72,100
37888827,10:31:28:827,46.72,100
37888881,10:31:28:881,46.72,400
37888899,10:31:28:899,46.71,100
37889228,10:31:29:228,46.71,200
37889581,10:31:29:581,46.71,51
37889581,10:31:29:581,46.7,49
37891265,10:31:31:265,46.71,100
37891266,10:31:31:266,46.71,100
37891268,10:31:31:268,46.72,79
37891268,10:31:31:268,46.72,300
37891268,10:31:31:268,46.72,100
37891268,10:31:31:268,46.72,20
37891268,10:31:31:268,46.72,21
37891269,10:31:31:269,46.71,200
37891293,10:31:31:293,46.72,200
37891293,10:31:31:293,46.72,200
37891293,10:31:31:293,46.72,100
37891293,10:31:31:293,46.72,200
37891811,10:31:31:811,46.72,100
37891887,10:31:31:887,46.72,100
37891910,10:31:31:910,46.72,100
37894797,10:31:34:797,46.71,100
37897658,10:31:37:658,46.71,141
37897658,10:31:37:658,46.7,59
37897664,10:31:37:664,46.7,200
37902796,10:31:42:796,46.72,100
37904591,10:31:44:591,46.71,100
37949846,10:32:29:846,46.72,100
37953126,10:32:33:126,46.7,100
37953127,10:32:33:127,46.7,100
37953156,10:32:33:156,46.71,33
37954394,10:32:34:394,46.7,200
37957219,10:32:37:219,46.705,100
37961594,10:32:41:594,46.7,41
37962563,10:32:42:563,46.705,100
37972217,10:32:52:217,46.7,200
37972218,10:32:52:218,46.7,21
37972977,10:32:52:977,46.7,100
37972977,10:32:52:977,46.7,100
37972977,10:32:52:977,46.7,179
37972977,10:32:52:977,46.705,100
37972977,10:32:52:977,46.7,18
37972977,10:32:52:977,46.7,19
37972977,10:32:52:977,46.7,41
37972977,10:32:52:977,46.705,100
37972977,10:32:52:977,46.7,19
37972977,10:32:52:977,46.7,81
37972977,10:32:52:977,46.7,100
37972977,10:32:52:977,46.7,100
37972977,10:32:52:977,46.7,3
37972982,10:32:52:982,46.7,471
37972982,10:32:52:982,46.7,200
37972983,10:32:52:983,46.7,100
37974178,10:32:54:178,46.69,100
37974178,10:32:54:178,46.69,100
37974178,10:32:54:178,46.69,100
37974178,10:32:54:178,46.69,100
37974180,10:32:54:180,46.68,100
37974180,10:32:54:180,46.68,200
37974180,10:32:54:180,46.68,100
37974180,10:32:54:180,46.68,50
37974180,10:32:54:180,46.68,100
37974180,10:32:54:180,46.68,88
37977026,10:32:57:26,46.67,100
37978084,10:32:58:84,46.67,100
37980824,10:33:0:824,46.66,100
37982619,10:33:2:619,46.67,200
37982628,10:33:2:628,46.67,100
37986856,10:33:6:856,46.66,100
37987301,10:33:7:301,46.66,100
37987301,10:33:7:301,46.66,16
37987302,10:33:7:302,46.66,3
37987302,10:33:7:302,46.66,97
37988018,10:33:8:18,46.65,4
37988028,10:33:8:28,46.65,100
37988029,10:33:8:29,46.65,96
37989068,10:33:9:68,46.65,4
37993562,10:33:13:562,46.65,25
38035529,10:33:55:529,46.64,100
38035530,10:33:55:530,46.64,84
38035532,10:33:55:532,46.64,100
38035532,10:33:55:532,46.64,100
38035532,10:33:55:532,46.64,50
38035532,10:33:55:532,46.64,100
38035534,10:33:55:534,46.64,100
38035534,10:33:55:534,46.64,100
38035535,10:33:55:535,46.63,10
38035535,10:33:55:535,46.64,100
38035538,10:33:55:538,46.64,500
38035542,10:33:55:542,46.64,200
38035548,10:33:55:548,46.63,40
38035956,10:33:55:956,46.63,100
38036007,10:33:56:7,46.63,360
38036007,10:33:56:7,46.63,90
38036205,10:33:56:205,46.62,200
38038045,10:33:58:45,46.62,100
38038045,10:33:58:45,46.62,100
38038050,10:33:58:50,46.62,100
38040008,10:34:0:8,46.61,6
38041024,10:34:1:24,46.62,69
38065216,10:34:25:216,46.62,400
38071047,10:34:31:47,46.62,100
38077445,10:34:37:445,46.61,100
38077445,10:34:37:445,46.61,9
38085021,10:34:45:21,46.63,55
38085021,10:34:45:21,46.63,100
38085021,10:34:45:21,46.63,100
38085021,10:34:45:21,46.63,500
38085021,10:34:45:21,46.63,100
38085021,10:34:45:21,46.63,100
38085021,10:34:45:21,46.63,35
38085021,10:34:45:21,46.63,100
38085021,10:34:45:21,46.63,200
38085026,10:34:45:26,46.63,100
38094436,10:34:54:436,46.63,100
38094436,10:34:54:436,46.63,100
38094436,10:34:54:436,46.63,100
38094436,10:34:54:436,46.63,100
38094436,10:34:54:436,46.63,100
38094437,10:34:54:437,46.63,100
38094437,10:34:54:437,46.63,10
38094941,10:34:54:941,46.63,100
38095060,10:34:55:60,46.63,100
38098440,10:34:58:440,46.63,100
38098440,10:34:58:440,46.63,100
38098440,10:34:58:440,46.63,200
38098440,10:34:58:440,46.63,100
38098441,10:34:58:441,46.63,100
38098449,10:34:58:449,46.63,100
38101130,10:35:1:130,46.62,100
38101130,10:35:1:130,46.62,100
38101131,10:35:1:131,46.62,100
38101131,10:35:1:131,46.62,100
38101132,10:35:1:132,46.61,100
38101133,10:35:1:133,46.61,100
38102266,10:35:2:266,46.59,100
38117128,10:35:17:128,46.59,8
38135414,10:35:35:414,46.59,100
38135414,10:35:35:414,46.59,100
38135414,10:35:35:414,46.59,35
38135414,10:35:35:414,46.59,100
38135414,10:35:35:414,46.59,35
38135414,10:35:35:414,46.59,57
38135415,10:35:35:415,46.59,235
38135416,10:35:35:416,46.58,100
38135416,10:35:35:416,46.58,100
38135416,10:35:35:416,46.58,50
38136006,10:35:36:6,46.57,100
38136006,10:35:36:6,46.57,100
38139198,10:35:39:198,46.55,100
38152802,10:35:52:802,46.57,20
38152802,10:35:52:802,46.57,20
38152802,10:35:52:802,46.57,60
38152807,10:35:52:807,46.57,20
38152810,10:35:52:810,46.57,80
38152810,10:35:52:810,46.57,100
38152810,10:35:52:810,46.57,70
38152810,10:35:52:810,46.57,230
38152810,10:35:52:810,46.57,100
38152810,10:35:52:810,46.57,100
38152810,10:35:52:810,46.57,100
38152811,10:35:52:811,46.57,92
38152811,10:35:52:811,46.57,8
38152811,10:35:52:811,46.58,92
38152811,10:35:52:811,46.58,100
38152811,10:35:52:811,46.58,200
38152813,10:35:52:813,46.58,8
38152819,10:35:52:819,46.58,100
38152860,10:35:52:860,46.58,10
38177813,10:36:17:813,46.57,400
38177814,10:36:17:814,46.57,8
38204290,10:36:44:290,46.57,100
38205741,10:36:45:741,46.56,100
38205741,10:36:45:741,46.56,100
38205741,10:36:45:741,46.56,100
38205741,10:36:45:741,46.56,1
38205741,10:36:45:741,46.56,100
38205741,10:36:45:741,46.56,50
38215732,10:36:55:732,46.555,1200
38225210,10:37:5:210,46.55,8
38225211,10:37:5:211,46.55,100
38225211,10:37:5:211,46.55,100
38225211,10:37:5:211,46.55,92
38225211,10:37:5:211,46.55,100
38225927,10:37:5:927,46.55,10
38225927,10:37:5:927,46.55,13
38233521,10:37:13:521,46.56,2
38238552,10:37:18:552,46.56,100
38238552,10:37:18:552,46.56,300
38238552,10:37:18:552,46.56,100
38238553,10:37:18:553,46.56,100
38238555,10:37:18:555,46.55,100
38238555,10:37:18:555,46.56,4
38238560,10:37:18:560,46.56,96
38238561,10:37:18:561,46.56,4
38250863,10:37:30:863,46.543,100
38268129,10:37:48:129,46.57,20
38268130,10:37:48:130,46.57,80
38268130,10:37:48:130,46.57,100
38268130,10:37:48:130,46.56,26
38268130,10:37:48:130,46.57,78
38268130,10:37:48:130,46.57,122
38268137,10:37:48:137,46.57,100
38287901,10:38:7:901,46.57,8
38289238,10:38:9:238,46.57,92
38289239,10:38:9:239,46.57,200
38289239,10:38:9:239,46.57,100
38289239,10:38:9:239,46.57,1
38289239,10:38:9:239,46.56,100
38289239,10:38:9:239,46.56,100
38289249,10:38:9:249,46.55,300
38289249,10:38:9:249,46.55,100
38289249,10:38:9:249,46.55,100
38289249,10:38:9:249,46.55,100
38289249,10:38:9:249,46.55,100
38289250,10:38:9:250,46.55,100
38289256,10:38:9:256,46.55,100
38289257,10:38:9:257,46.55,200
38289283,10:38:9:283,46.55,10
38289287,10:38:9:287,46.56,2
38297879,10:38:17:879,46.56,100
38301008,10:38:21:8,46.57,100
38301009,10:38:21:9,46.57,100
38301010,10:38:21:10,46.57,100
38301011,10:38:21:11,46.58,20
38301029,10:38:21:29,46.57,100
38302095,10:38:22:95,46.58,20
38321208,10:38:41:208,46.58,46
38321210,10:38:41:210,46.56,46
38321211,10:38:41:211,46.58,80
38321211,10:38:41:211,46.58,100
38321211,10:38:41:211,46.58,100
38321211,10:38:41:211,46.58,100
38321214,10:38:41:214,46.56,80
38321214,10:38:41:214,46.56,100
38321215,10:38:41:215,46.56,100
38321215,10:38:41:215,46.58,474
38344032,10:39:4:32,46.5777,3
38346419,10:39:6:419,46.57,7
38351655,10:39:11:655,46.57,13
38351655,10:39:11:655,46.57,87
38351655,10:39:11:655,46.57,13
38351659,10:39:11:659,46.58,523
38351659,10:39:11:659,46.57,77
38351659,10:39:11:659,46.57,100
38351659,10:39:11:659,46.57,102
38351659,10:39:11:659,46.57,100
38351659,10:39:11:659,46.57,23
38351659,10:39:11:659,46.57,100
38353223,10:39:13:223,46.56,100
38353223,10:39:13:223,46.56,100
38353231,10:39:13:231,46.56,100
38356824,10:39:16:824,46.55,87
38356824,10:39:16:824,46.55,113
38367566,10:39:27:566,46.55,100
38367573,10:39:27:573,46.55,100
38369559,10:39:29:559,46.55,100
38369610,10:39:29:610,46.55,10
38369610,10:39:29:610,46.55,10
38404122,10:40:4:122,46.54,7
38404122,10:40:4:122,46.54,100
38404122,10:40:4:122,46.54,93
38404122,10:40:4:122,46.54,100
38404122,10:40:4:122,46.54,100
38404122,10:40:4:122,46.54,90
38404122,10:40:4:122,46.54,10
38405387,10:40:5:387,46.53,100
38405389,10:40:5:389,46.53,100
38406759,10:40:6:759,46.53,100
38406760,10:40:6:760,46.53,100
38407779,10:40:7:779,46.52,500
38407821,10:40:7:821,46.52,100
38408468,10:40:8:468,46.52,100
38409609,10:40:9:609,46.52,95
38409609,10:40:9:609,46.52,5
38409630,10:40:9:630,46.524,800
38409633,10:40:9:633,46.53,20
38409633,10:40:9:633,46.53,20
38409635,10:40:9:635,46.53,40
38410756,10:40:10:756,46.53,209
38410757,10:40:10:757,46.53,100
38410757,10:40:10:757,46.53,1
38410757,10:40:10:757,46.53,99
38410757,10:40:10:757,46.53,100
38410757,10:40:10:757,46.53,79
38410757,10:40:10:757,46.53,101
38410757,10:40:10:757,46.53,99
38410757,10:40:10:757,46.52,100
38416360,10:40:16:360,46.53,43
38425823,10:40:25:823,46.52,8
38427061,10:40:27:61,46.53,20
38427208,10:40:27:208,46.53,100
38429606,10:40:29:606,46.53,100
38429607,10:40:29:607,46.53,100
38429607,10:40:29:607,46.53,100
38429607,10:40:29:607,46.53,200
38429607,10:40:29:607,46.53,140
38429607,10:40:29:607,46.53,100
38429607,10:40:29:607,46.53,100
38429607,10:40:29:607,46.53,52
38436347,10:40:36:347,46.641,100
38442443,10:40:42:443,46.53,100
38445285,10:40:45:285,46.53,960
38445286,10:40:45:286,46.5201,1581
38445293,10:40:45:293,46.5255,1581
38445505,10:40:45:505,46.53,1300
38445509,10:40:45:509,46.52,200
38445527,10:40:45:527,46.52,200
38445642,10:40:45:642,46.53,900
38446469,10:40:46:469,46.527,900
38446985,10:40:46:985,46.53,100
38456880,10:40:56:880,46.53,200
38470083,10:41:10:83,46.52,100
38470083,10:41:10:83,46.52,100
38470090,10:41:10:90,46.52,142
38470091,10:41:10:91,46.525,200
38472975,10:41:12:975,46.53,100
38472975,10:41:12:975,46.53,100
38472975,10:41:12:975,46.52,100
38472975,10:41:12:975,46.54,100
38472975,10:41:12:975,46.52,400
38472976,10:41:12:976,46.52,200
38472976,10:41:12:976,46.52,77
38472976,10:41:12:976,46.53,100
38472976,10:41:12:976,46.52,100
38472982,10:41:12:982,46.52,100
38473117,10:41:13:117,46.55,24400
38473517,10:41:13:517,46.52,34
38473523,10:41:13:523,46.52,100
38473778,10:41:13:778,46.53,200
38475616,10:41:15:616,46.52,100
38475667,10:41:15:667,46.52,100
38475667,10:41:15:667,46.52,100
38475667,10:41:15:667,46.52,156
38475842,10:41:15:842,46.52,400
38476211,10:41:16:211,46.5286,299
38482840,10:41:22:840,46.52,38
38489304,10:41:29:304,46.51,100
38489304,10:41:29:304,46.51,53
38489305,10:41:29:305,46.51,7
38489305,10:41:29:305,46.515,100
38489305,10:41:29:305,46.51,100
38489305,10:41:29:305,46.51,237
38489305,10:41:29:305,46.51,100
38489305,10:41:29:305,46.51,100
38489305,10:41:29:305,46.51,47
38489305,10:41:29:305,46.51,100
38489310,10:41:29:310,46.51,300
38489314,10:41:29:314,46.515,200
38489392,10:41:29:392,46.515,200
38490024,10:41:30:24,46.51,100
38490024,10:41:30:24,46.51,64
38490025,10:41:30:25,46.52,100
38490025,10:41:30:25,46.52,200
38490027,10:41:30:27,46.52,200
38490033,10:41:30:33,46.53,100
38491391,10:41:31:391,46.51,100
38491394,10:41:31:394,46.52,100
38492812,10:41:32:812,46.52,100
38492814,10:41:32:814,46.53,100
38492814,10:41:32:814,46.53,100
38492814,10:41:32:814,46.53,200
38492814,10:41:32:814,46.53,100
38492924,10:41:32:924,46.53,200
38494264,10:41:34:264,46.54,100
38494265,10:41:34:265,46.54,100
38494266,10:41:34:266,46.54,100
38494266,10:41:34:266,46.54,100
38494268,10:41:34:268,46.54,100
38494346,10:41:34:346,46.54,100
38494346,10:41:34:346,46.54,400
38494346,10:41:34:346,46.54,100
38496977,10:41:36:977,46.54,100
38498087,10:41:38:87,46.55,100
38498087,10:41:38:87,46.55,100
38501028,10:41:41:28,46.545,1000
38501998,10:41:41:998,46.5377,98
38519657,10:41:59:657,46.55,100
38519657,10:41:59:657,46.55,35
38530624,10:42:10:624,46.55,20
38533047,10:42:13:47,46.55,65
38533047,10:42:13:47,46.55,80
38533047,10:42:13:47,46.55,55
38533047,10:42:13:47,46.55,45
38533047,10:42:13:47,46.55,55
38533047,10:42:13:47,46.55,100
38533047,10:42:13:47,46.55,65
38533048,10:42:13:48,46.55,100
38533049,10:42:13:49,46.55,80
38533055,10:42:13:55,46.55,100
38533064,10:42:13:64,46.55,100
38533064,10:42:13:64,46.55,100
38533064,10:42:13:64,46.55,100
38533064,10:42:13:64,46.55,100
38533067,10:42:13:67,46.55,100
38536174,10:42:16:174,46.55,100
38539537,10:42:19:537,46.56,200
38553221,10:42:33:221,46.54,7
38553221,10:42:33:221,46.54,7
38561760,10:42:41:760,46.55,1
38561760,10:42:41:760,46.55,1
38575723,10:42:55:723,46.56,100
38575724,10:42:55:724,46.56,20
38575724,10:42:55:724,46.56,100
38575724,10:42:55:724,46.56,100
38575724,10:42:55:724,46.56,28
38575724,10:42:55:724,46.56,72
38575724,10:42:55:724,46.56,100
38575724,10:42:55:724,46.56,100
38575724,10:42:55:724,46.56,200
38575725,10:42:55:725,46.56,100
38575725,10:42:55:725,46.56,100
38575732,10:42:55:732,46.56,100
38577201,10:42:57:201,46.57,2
38578016,10:42:58:16,46.55,100
38578016,10:42:58:16,46.55,100
38578016,10:42:58:16,46.56,100
38578016,10:42:58:16,46.55,100
38578017,10:42:58:17,46.55,100
38578017,10:42:58:17,46.55,100
38578017,10:42:58:17,46.55,100
38578017,10:42:58:17,46.55,100
38578017,10:42:58:17,46.55,100
38578018,10:42:58:18,46.55,100
38578958,10:42:58:958,46.56,20
38578958,10:42:58:958,46.56,20
38578960,10:42:58:960,46.56,20
38606431,10:43:26:431,46.57,20
38606431,10:43:26:431,46.57,100
38606431,10:43:26:431,46.57,180
38606461,10:43:26:461,46.58,100
38606486,10:43:26:486,46.585,600
38606486,10:43:26:486,46.585,300
38609175,10:43:29:175,46.58,100
38609175,10:43:29:175,46.58,100
38609175,10:43:29:175,46.58,100
38609175,10:43:29:175,46.58,100
38609175,10:43:29:175,46.58,100
38609177,10:43:29:177,46.57,100
38609180,10:43:29:180,46.58,140
38609227,10:43:29:227,46.58,100
38610527,10:43:30:527,46.58,100
38610527,10:43:30:527,46.58,300
38611073,10:43:31:73,46.58,100
38624033,10:43:44:33,46.59,100
38624039,10:43:44:39,46.59,100
38624139,10:43:44:139,46.59,100
38624140,10:43:44:140,46.59,100
38624140,10:43:44:140,46.59,1
38624140,10:43:44:140,46.59,200
38624150,10:43:44:150,46.59,43
38624154,10:43:44:154,46.59,57
38630486,10:43:50:486,46.58,1
38632135,10:43:52:135,46.59,100
38633063,10:43:53:63,46.58,200
38633064,10:43:53:64,46.58,100
38633104,10:43:53:104,46.58,100
38639085,10:43:59:85,46.57,100
38639085,10:43:59:85,46.57,1
38639085,10:43:59:85,46.58,100
38639085,10:43:59:85,46.57,2
38639085,10:43:59:85,46.57,100
38639085,10:43:59:85,46.57,100
38639085,10:43:59:85,46.57,100
38639085,10:43:59:85,46.57,100
38639085,10:43:59:85,46.57,100
38639085,10:43:59:85,46.57,1
38639086,10:43:59:86,46.57,100
38639605,10:43:59:605,46.57,100
38640002,10:44:0:2,46.56,100
38640002,10:44:0:2,46.56,100
38640002,10:44:0:2,46.56,100
38640002,10:44:0:2,46.56,200
38640002,10:44:0:2,46.56,74
38640002,10:44:0:2,46.56,26
38640002,10:44:0:2,46.56,100
38644093,10:44:4:93,46.56,5
38644619,10:44:4:619,46.5631,250
38647283,10:44:7:283,46.57,100
38649970,10:44:9:970,46.56,100
38649970,10:44:9:970,46.56,100
38649970,10:44:9:970,46.56,100
38649970,10:44:9:970,46.56,2
38649976,10:44:9:976,46.56,100
38650477,10:44:10:477,46.57,100
38653264,10:44:13:264,46.55,200
38653270,10:44:13:270,46.55,100
38653510,10:44:13:510,46.5582,100
38662285,10:44:22:285,46.56,100
38667976,10:44:27:976,46.5599,151
38669194,10:44:29:194,46.55,100
38686032,10:44:46:32,46.55,72
38686032,10:44:46:32,46.55,28
38686033,10:44:46:33,46.55,100
38686033,10:44:46:33,46.55,51
38686033,10:44:46:33,46.55,49
38686244,10:44:46:244,46.55,1
38696842,10:44:56:842,46.5401,451
38697455,10:44:57:455,46.56,100
38704866,10:45:4:866,46.5477,61
38705285,10:45:5:285,46.56,100
38715958,10:45:15:958,46.56,200
38715959,10:45:15:959,46.56,100
38715959,10:45:15:959,46.56,100
38715959,10:45:15:959,46.56,102
38715959,10:45:15:959,46.56,54
38715959,10:45:15:959,46.56,200
38715960,10:45:15:960,46.56,100
38715960,10:45:15:960,46.56,69
38715961,10:45:15:961,46.56,100
38715965,10:45:15:965,46.56,100
38715968,10:45:15:968,46.56,100
38716308,10:45:16:308,46.56,100
38716308,10:45:16:308,46.56,20
38716313,10:45:16:313,46.57,100
38716318,10:45:16:318,46.57,100
38716670,10:45:16:670,46.57,20
38720283,10:45:20:283,46.57,100
38734652,10:45:34:652,46.57,20
38734654,10:45:34:654,46.57,20
38746356,10:45:46:356,46.56,100
38746361,10:45:46:361,46.56,1
38757057,10:45:57:57,46.57,20
38757057,10:45:57:57,46.57,20
38757057,10:45:57:57,46.57,127
38757057,10:45:57:57,46.57,194
38757057,10:45:57:57,46.57,100
38757057,10:45:57:57,46.57,100
38757057,10:45:57:57,46.57,100
38757065,10:45:57:65,46.57,100
38757231,10:45:57:231,46.566,38
38757697,10:45:57:697,46.58,100
38758761,10:45:58:761,46.5708,190
38759586,10:45:59:586,46.58,100
38759950,10:45:59:950,46.58,100
38759950,10:45:59:950,46.58,100
38761129,10:46:1:129,46.59,100
38761133,10:46:1:133,46.59,20
38762960,10:46:2:960,46.58,100
38762966,10:46:2:966,46.58,100
38763255,10:46:3:255,46.59,100
38766283,10:46:6:283,46.59,100
38768667,10:46:8:667,46.59,100
38768667,10:46:8:667,46.59,80
38772283,10:46:12:283,46.6,100
38805971,10:46:45:971,46.6,190
38806378,10:46:46:378,46.59,1
38806378,10:46:46:378,46.59,100
38806608,10:46:46:608,46.6,100
38814734,10:46:54:734,46.595,100
38820128,10:47:0:128,46.595,100
38820428,10:47:0:428,46.59,100
38820428,10:47:0:428,46.595,100
38820428,10:47:0:428,46.59,12
38820428,10:47:0:428,46.595,100
38820844,10:47:0:844,46.6,100
38825097,10:47:5:97,46.59,80
38825097,10:47:5:97,46.59,20
38825097,10:47:5:97,46.59,6
38825098,10:47:5:98,46.59,100
38825098,10:47:5:98,46.59,31
38825098,10:47:5:98,46.59,69
38825098,10:47:5:98,46.59,31
38825098,10:47:5:98,46.59,121
38825098,10:47:5:98,46.59,200
38825098,10:47:5:98,46.59,79
38825098,10:47:5:98,46.59,1
38825098,10:47:5:98,46.59,394
38825098,10:47:5:98,46.59,69
38825098,10:47:5:98,46.59,69
38825098,10:47:5:98,46.59,199
38825098,10:47:5:98,46.59,32
38825098,10:47:5:98,46.59,190
38825098,10:47:5:98,46.59,10
38825098,10:47:5:98,46.59,10
38825098,10:47:5:98,46.59,96
38825098,10:47:5:98,46.59,4
38825102,10:47:5:102,46.59,100
38825106,10:47:5:106,46.59,100
38825106,10:47:5:106,46.59,100
38825106,10:47:5:106,46.59,10
38825106,10:47:5:106,46.59,10
38825107,10:47:5:107,46.59,100
38825107,10:47:5:107,46.59,100
38825158,10:47:5:158,46.59,61
38825542,10:47:5:542,46.6,100
38825542,10:47:5:542,46.6,51
38826707,10:47:6:707,46.6,200
38826708,10:47:6:708,46.6,56
38826708,10:47:6:708,46.6,566
38826708,10:47:6:708,46.6,190
38826708,10:47:6:708,46.6,33
38826708,10:47:6:708,46.6,58
38826708,10:47:6:708,46.6,100
38826708,10:47:6:708,46.6,100
38826708,10:47:6:708,46.6,14
38826708,10:47:6:708,46.6,100
38826708,10:47:6:708,46.6,28
38826708,10:47:6:708,46.6,72
38826708,10:47:6:708,46.6,100
38826708,10:47:6:708,46.6,100
38826708,10:47:6:708,46.6,100
38826708,10:47:6:708,46.6,100
38826709,10:47:6:709,46.6,100
38826709,10:47:6:709,46.6,100
38826710,10:47:6:710,46.61,300
38826710,10:47:6:710,46.61,100
38826711,10:47:6:711,46.61,100
38826711,10:47:6:711,46.61,46
38826711,10:47:6:711,46.61,100
38826711,10:47:6:711,46.61,100
38826716,10:47:6:716,46.61,100
38826716,10:47:6:716,46.61,100
38826717,10:47:6:717,46.61,100
38826724,10:47:6:724,46.61,200
38826724,10:47:6:724,46.61,200
38826724,10:47:6:724,46.61,100
38826724,10:47:6:724,46.61,100
38826724,10:47:6:724,46.61,100
38826724,10:47:6:724,46.61,100
38826756,10:47:6:756,46.61,100
38826874,10:47:6:874,46.6,100
38828392,10:47:8:392,46.6,400
38828392,10:47:8:392,46.61,75
38830393,10:47:10:393,46.6,100
38832299,10:47:12:299,46.61,100
38832303,10:47:12:303,46.61,280
38832303,10:47:12:303,46.61,120
38832303,10:47:12:303,46.61,100
38832304,10:47:12:304,46.61,20
38832304,10:47:12:304,46.61,100
38832335,10:47:12:335,46.62,20
38832378,10:47:12:378,46.62,288
38833199,10:47:13:199,46.62,100
38833200,10:47:13:200,46.62,200
38833201,10:47:13:201,46.62,100
38833304,10:47:13:304,46.62,10
38835107,10:47:15:107,46.62,4
38844001,10:47:24:1,46.63,200
38844002,10:47:24:2,46.63,100
38844002,10:47:24:2,46.63,100
38846993,10:47:26:993,46.635,300
38846993,10:47:26:993,46.63,300
38846994,10:47:26:994,46.63,100
38846994,10:47:26:994,46.635,300
38846994,10:47:26:994,46.63,100
38846994,10:47:26:994,46.63,100
38846994,10:47:26:994,46.63,100
38846994,10:47:26:994,46.63,100
38846994,10:47:26:994,46.635,400
38846994,10:47:26:994,46.635,300
38846996,10:47:26:996,46.635,100
38847000,10:47:27:0,46.63,100
38847003,10:47:27:3,46.63,100
38847005,10:47:27:5,46.63,300
38847699,10:47:27:699,46.635,400
38847700,10:47:27:700,46.63,100
38847700,10:47:27:700,46.63,100
38847700,10:47:27:700,46.63,100
38847700,10:47:27:700,46.63,100
38847700,10:47:27:700,46.63,100
38847700,10:47:27:700,46.635,400
38847701,10:47:27:701,46.63,100
38852704,10:47:32:704,46.635,400
38852704,10:47:32:704,46.63,200
38852705,10:47:32:705,46.63,100
38852705,10:47:32:705,46.63,10
38852705,10:47:32:705,46.63,100
38852705,10:47:32:705,46.63,90
38852705,10:47:32:705,46.63,100
38852705,10:47:32:705,46.63,100
38852705,10:47:32:705,46.63,10
38852705,10:47:32:705,46.63,90
38854264,10:47:34:264,46.62,100
38870430,10:47:50:430,46.64,86
38871284,10:47:51:284,46.64,100
38871284,10:47:51:284,46.64,100
38871284,10:47:51:284,46.64,100
38871459,10:47:51:459,46.64,200
38871470,10:47:51:470,46.64,100
38874283,10:47:54:283,46.64,200
38874283,10:47:54:283,46.64,100
38874283,10:47:54:283,46.64,100
38874283,10:47:54:283,46.64,99
38874283,10:47:54:283,46.64,92
38874283,10:47:54:283,46.64,100
38874283,10:47:54:283,46.64,171
38874283,10:47:54:283,46.64,100
38874283,10:47:54:283,46.64,125
38874283,10:47:54:283,46.64,129
38874283,10:47:54:283,46.64,400
38874283,10:47:54:283,46.64,233
38874283,10:47:54:283,46.64,33
38874283,10:47:54:283,46.64,67
38874283,10:47:54:283,46.64,98
38874283,10:47:54:283,46.64,2
38874284,10:47:54:284,46.64,100
38874284,10:47:54:284,46.64,100
38874453,10:47:54:453,46.64,6
38875470,10:47:55:470,46.64,100
38875471,10:47:55:471,46.64,100
38877284,10:47:57:284,46.65,100
38880283,10:48:0:283,46.65,100
38884284,10:48:4:284,46.65,100
38889283,10:48:9:283,46.65,100
38892284,10:48:12:284,46.65,100
38892285,10:48:12:285,46.65,100
38892285,10:48:12:285,46.65,150
38892285,10:48:12:285,46.65,20
38892285,10:48:12:285,46.65,80
38892285,10:48:12:285,46.65,50
38892285,10:48:12:285,46.65,20
38892286,10:48:12:286,46.65,20
38892300,10:48:12:300,46.65,80
38893285,10:48:13:285,46.65,100
38893298,10:48:13:298,46.66,100
38895283,10:48:15:283,46.66,100
38900104,10:48:20:104,46.66,100
38900104,10:48:20:104,46.66,100
38900104,10:48:20:104,46.66,100
38900105,10:48:20:105,46.66,100
38900105,10:48:20:105,46.66,200
38900768,10:48:20:768,46.66,108
38901283,10:48:21:283,46.67,100
38905007,10:48:25:7,46.66,5
38905008,10:48:25:8,46.65,5
38905012,10:48:25:12,46.66,100
38905012,10:48:25:12,46.66,100
38905030,10:48:25:30,46.65,100
38907009,10:48:27:9,46.65,2
38907015,10:48:27:15,46.66,100
38907015,10:48:27:15,46.66,100
38907015,10:48:27:15,46.66,100
38907021,10:48:27:21,46.66,8
38909011,10:48:29:11,46.66,3
38909020,10:48:29:20,46.66,89
38909350,10:48:29:350,46.66,100
38913072,10:48:33:72,46.66,100
38913072,10:48:33:72,46.65,400
38913080,10:48:33:80,46.66,800
38913080,10:48:33:80,46.65,100
38913080,10:48:33:80,46.65,105
38913080,10:48:33:80,46.655,100
38913080,10:48:33:80,46.655,200
38913092,10:48:33:92,46.66,100
38913095,10:48:33:95,46.66,94
38917536,10:48:37:536,46.65,20
38922800,10:48:42:800,46.5999,300
38928390,10:48:48:390,46.66,100
38928390,10:48:48:390,46.66,100
38941582,10:49:1:582,46.66,100
38944917,10:49:4:917,46.67,100
38952612,10:49:12:612,46.65,5
38952615,10:49:12:615,46.65,1
38964571,10:49:24:571,46.66,100
38967810,10:49:27:810,46.65,100
38967810,10:49:27:810,46.65,14
38968031,10:49:28:31,46.65,100
38968031,10:49:28:31,46.65,100
38968031,10:49:28:31,46.65,450
38968031,10:49:28:31,46.65,100
38968031,10:49:28:31,46.65,100
38968031,10:49:28:31,46.65,100
38968031,10:49:28:31,46.65,100
38968031,10:49:28:31,46.65,200
38968033,10:49:28:33,46.65,600
38968173,10:49:28:173,46.64,200
38968173,10:49:28:173,46.64,100
38968173,10:49:28:173,46.64,100
38968173,10:49:28:173,46.64,100
38968173,10:49:28:173,46.64,200
38968174,10:49:28:174,46.64,50
38968216,10:49:28:216,46.64,100
38968652,10:49:28:652,46.64,200
38969088,10:49:29:88,46.63,100
38969088,10:49:29:88,46.63,200
38969088,10:49:29:88,46.63,64
38969088,10:49:29:88,46.63,50
38971821,10:49:31:821,46.63,100
38974326,10:49:34:326,46.61,100
38974526,10:49:34:526,46.61,100
38982933,10:49:42:933,46.61,100
38983133,10:49:43:133,46.61,200
38983444,10:49:43:444,46.61,100
38983444,10:49:43:444,46.61,402
38985641,10:49:45:641,46.605,5021
38986526,10:49:46:526,46.62,200
38986571,10:49:46:571,46.62,300
38986585,10:49:46:585,46.59,100
38991105,10:49:51:105,46.59,100
38991793,10:49:51:793,46.6064,100
38992283,10:49:52:283,46.61,100
38992283,10:49:52:283,46.61,100
38992283,10:49:52:283,46.61,100
38994283,10:49:54:283,46.61,100
38999283,10:49:59:283,46.61,100
39001564,10:50:1:564,46.6,100
39001992,10:50:1:992,46.59,101
39001992,10:50:1:992,46.59,100
39001992,10:50:1:992,46.59,1
39001992,10:50:1:992,46.59,1
39001992,10:50:1:992,46.59,100
39001992,10:50:1:992,46.6,200
39001992,10:50:1:992,46.59,7
39001992,10:50:1:992,46.59,98
39001992,10:50:1:992,46.59,2
39001992,10:50:1:992,46.59,100
39001992,10:50:1:992,46.59,5
39001992,10:50:1:992,46.6,200
39001992,10:50:1:992,46.59,95
39001992,10:50:1:992,46.59,3
39001992,10:50:1:992,46.59,1
39001992,10:50:1:992,46.59,2
39001992,10:50:1:992,46.59,45
39001992,10:50:1:992,46.595,200
39001992,10:50:1:992,46.595,200
39001992,10:50:1:992,46.595,200
39001992,10:50:1:992,46.595,200
39001992,10:50:1:992,46.595,100
39001993,10:50:1:993,46.6,200
39001993,10:50:1:993,46.595,200
39001996,10:50:1:996,46.59,200
39001996,10:50:1:996,46.59,100
39001996,10:50:1:996,46.59,100
39001997,10:50:1:997,46.595,200
39002007,10:50:2:7,46.59,100
39002007,10:50:2:7,46.59,100
39002008,10:50:2:8,46.595,200
39002094,10:50:2:94,46.59,100
39002336,10:50:2:336,46.59,100
39003241,10:50:3:241,46.59,100
39003475,10:50:3:475,46.58,300
39003675,10:50:3:675,46.58,100
39007992,10:50:7:992,46.585,100
39007992,10:50:7:992,46.58,100
39007992,10:50:7:992,46.585,200
39007993,10:50:7:993,46.59,300
39007994,10:50:7:994,46.59,100
39007994,10:50:7:994,46.59,100
39007994,10:50:7:994,46.59,98
39007994,10:50:7:994,46.59,100
39007994,10:50:7:994,46.59,100
39007994,10:50:7:994,46.59,20
39007994,10:50:7:994,46.59,100
39007994,10:50:7:994,46.59,100
39007994,10:50:7:994,46.59,403
39007994,10:50:7:994,46.59,2
39007994,10:50:7:994,46.59,9
39007995,10:50:7:995,46.59,100
39007995,10:50:7:995,46.595,400
39008287,10:50:8:287,46.6,100
39014285,10:50:14:285,46.6,100
39014773,10:50:14:773,46.6,20
39015152,10:50:15:152,46.6,20
39015152,10:50:15:152,46.6,59
39015152,10:50:15:152,46.6,100
39015152,10:50:15:152,46.6,1
39015152,10:50:15:152,46.6,100
39015152,10:50:15:152,46.6,100
39015152,10:50:15:152,46.6,202
39015153,10:50:15:153,46.6,95
39015153,10:50:15:153,46.6,5
39015153,10:50:15:153,46.6,100
39015153,10:50:15:153,46.61,20
39015153,10:50:15:153,46.6,100
39015153,10:50:15:153,46.6,100
39015154,10:50:15:154,46.6,200
39015154,10:50:15:154,46.6,20
39015154,10:50:15:154,46.6,20
39015156,10:50:15:156,46.6,60
39015156,10:50:15:156,46.6,39
39015156,10:50:15:156,46.6,61
39015156,10:50:15:156,46.6,240
39015160,10:50:15:160,46.6,100
39015173,10:50:15:173,46.61,20
39015174,10:50:15:174,46.6,154
39017283,10:50:17:283,46.61,100
39017855,10:50:17:855,46.6,100
39017855,10:50:17:855,46.6,200
39019557,10:50:19:557,46.6,100
39020392,10:50:20:392,46.6,100
39020413,10:50:20:413,46.61,100
39022336,10:50:22:336,46.6,100
39022344,10:50:22:344,46.59,100
39026090,10:50:26:90,46.59,100
39026090,10:50:26:90,46.595,100
39026090,10:50:26:90,46.59,3
39026091,10:50:26:91,46.59,3
39026091,10:50:26:91,46.59,94
39026091,10:50:26:91,46.59,3
39026091,10:50:26:91,46.59,3
39026092,10:50:26:92,46.59,3
39026092,10:50:26:92,46.59,44
39026093,10:50:26:93,46.59,37
39026093,10:50:26:93,46.58,100
39031926,10:50:31:926,46.57,1
39032022,10:50:32:22,46.57,1
39032487,10:50:32:487,46.57,1
39032615,10:50:32:615,46.57,1
39033019,10:50:33:19,46.57,1
39033207,10:50:33:207,46.57,1
39033490,10:50:33:490,46.57,1
39033918,10:50:33:918,46.57,13
39042918,10:50:42:918,46.58,100
39042918,10:50:42:918,46.58,78
39042918,10:50:42:918,46.58,9
39042918,10:50:42:918,46.58,100
39042918,10:50:42:918,46.58,100
39042918,10:50:42:918,46.58,52
39042918,10:50:42:918,46.58,48
39042919,10:50:42:919,46.58,28
39042921,10:50:42:921,46.58,10
39049522,10:50:49:522,46.58,200
39049522,10:50:49:522,46.58,100
39049522,10:50:49:522,46.58,1
39049522,10:50:49:522,46.58,2
39050155,10:50:50:155,46.58,33
39051129,10:50:51:129,46.58,1
39052496,10:50:52:496,46.58,1
39054136,10:50:54:136,46.58,1
39055715,10:50:55:715,46.58,1
39058212,10:50:58:212,46.58,1
39060424,10:51:0:424,46.57,4
39061599,10:51:1:599,46.58,62
39078386,10:51:18:386,46.5702,1
39084676,10:51:24:676,46.58,1
39094285,10:51:34:285,46.5899,38
39094344,10:51:34:344,46.57,18
39107724,10:51:47:724,46.59,100
39107725,10:51:47:725,46.59,427
39107727,10:51:47:727,46.59,100
39107727,10:51:47:727,46.59,110
39107727,10:51:47:727,46.59,36
39107727,10:51:47:727,46.59,100
39107728,10:51:47:728,46.59,100
39107728,10:51:47:728,46.59,100
39108173,10:51:48:173,46.5701,68
39108728,10:51:48:728,46.59,100
39117572,10:51:57:572,46.58,37
39123027,10:52:3:27,46.59,200
39134073,10:52:14:73,46.6,100
39134073,10:52:14:73,46.6,20
39134074,10:52:14:74,46.6,100
39134074,10:52:14:74,46.6,9
39134074,10:52:14:74,46.6,91
39134074,10:52:14:74,46.6,100
39134075,10:52:14:75,46.6,100
39134075,10:52:14:75,46.6,113
39134075,10:52:14:75,46.6,160
39134075,10:52:14:75,46.6,57
39134083,10:52:14:83,46.6,100
39134227,10:52:14:227,46.6,100
39135155,10:52:15:155,46.6,100
39135156,10:52:15:156,46.6,10
39137849,10:52:17:849,46.6,20
39139229,10:52:19:229,46.61,20
39165935,10:52:45:935,46.6,100
39168235,10:52:48:235,46.6,98
39168235,10:52:48:235,46.6,100
39168235,10:52:48:235,46.6,100
39168235,10:52:48:235,46.605,201
39168235,10:52:48:235,46.6,100
39168235,10:52:48:235,46.6,98
39168235,10:52:48:235,46.6,7
39168236,10:52:48:236,46.6,7
39168236,10:52:48:236,46.6,186
39168236,10:52:48:236,46.6,14
39168236,10:52:48:236,46.6,92
39168236,10:52:48:236,46.6,200
39168236,10:52:48:236,46.6,10
39168236,10:52:48:236,46.6,1
39168236,10:52:48:236,46.6,2
39168236,10:52:48:236,46.6,86
39168271,10:52:48:271,46.6,100
39171306,10:52:51:306,46.59,68
39171306,10:52:51:306,46.59,200
39171306,10:52:51:306,46.59,300
39171312,10:52:51:312,46.585,32
39172027,10:52:52:27,46.58,100
39172027,10:52:52:27,46.58,200
39172036,10:52:52:36,46.58,200
39172434,10:52:52:434,46.57,300
39172434,10:52:52:434,46.57,1
39172434,10:52:52:434,46.57,100
39172959,10:52:52:959,46.56,100
39172959,10:52:52:959,46.56,100
39172964,10:52:52:964,46.56,100
39173059,10:52:53:59,46.55,100
39173060,10:52:53:60,46.55,100
39173060,10:52:53:60,46.55,100
39173060,10:52:53:60,46.55,50
39173678,10:52:53:678,46.54,100
39174328,10:52:54:328,46.54,100
39174332,10:52:54:332,46.54,100
39174337,10:52:54:337,46.54,100
39174337,10:52:54:337,46.54,100
39174377,10:52:54:377,46.54,76
39175842,10:52:55:842,46.53,100
39175883,10:52:55:883,46.53,100
39177237,10:52:57:237,46.53,12
39177926,10:52:57:926,46.53,1
39177927,10:52:57:927,46.53,7
39186426,10:53:6:426,46.53,100
39186426,10:53:6:426,46.53,100
39186433,10:53:6:433,46.53,200
39186433,10:53:6:433,46.53,100
39186433,10:53:6:433,46.53,100
39186433,10:53:6:433,46.53,100
39186433,10:53:6:433,46.53,100
39186433,10:53:6:433,46.53,390
39186434,10:53:6:434,46.53,12
39186434,10:53:6:434,46.53,188
39186441,10:53:6:441,46.54,100
39186441,10:53:6:441,46.54,100
39186451,10:53:6:451,46.53,100
39187284,10:53:7:284,46.54,100
39187285,10:53:7:285,46.54,100
39187410,10:53:7:410,46.54,100
39187912,10:53:7:912,46.54,100
39188450,10:53:8:450,46.55,11
39188533,10:53:8:533,46.545,100
39188533,10:53:8:533,46.54,100
39188533,10:53:8:533,46.54,5
39188539,10:53:8:539,46.54,100
39190284,10:53:10:284,46.55,400
39193286,10:53:13:286,46.55,200
39196283,10:53:16:283,46.55,100
39202491,10:53:22:491,46.55,100
39208283,10:53:28:283,46.55,100
39208602,10:53:28:602,46.55,71
39208602,10:53:28:602,46.55,288
39208603,10:53:28:603,46.55,20
39208603,10:53:28:603,46.55,20
39208603,10:53:28:603,46.55,92
39208603,10:53:28:603,46.55,80
39208603,10:53:28:603,46.55,90
39208615,10:53:28:615,46.55,100
39208702,10:53:28:702,46.55,100
39210081,10:53:30:81,46.56,100
39210081,10:53:30:81,46.56,100
39211283,10:53:31:283,46.57,100
39211837,10:53:31:837,46.56,100
39217445,10:53:37:445,46.57,100
39241537,10:54:1:537,46.56,20
39244369,10:54:4:369,46.56,100
39249667,10:54:9:667,46.565,100
39256929,10:54:16:929,46.56,100
39256929,10:54:16:929,46.56,280
39256970,10:54:16:970,46.56,100
39267756,10:54:27:756,46.55,4
39267756,10:54:27:756,46.56,200
39267756,10:54:27:756,46.55,96
39267756,10:54:27:756,46.555,200
39267756,10:54:27:756,46.55,200
39267756,10:54:27:756,46.55,100
39267756,10:54:27:756,46.55,98
39267756,10:54:27:756,46.56,100
39267756,10:54:27:756,46.55,2
39267756,10:54:27:756,46.56,200
39267756,10:54:27:756,46.56,100
39267756,10:54:27:756,46.55,100
39267756,10:54:27:756,46.56,100
39267756,10:54:27:756,46.555,200
39267756,10:54:27:756,46.55,100
39267757,10:54:27:757,46.56,100
39267757,10:54:27:757,46.56,100
39267757,10:54:27:757,46.56,100
39267757,10:54:27:757,46.55,100
39267757,10:54:27:757,46.55,4
39267757,10:54:27:757,46.555,400
39267757,10:54:27:757,46.56,100
39276492,10:54:36:492,46.57,100
39278167,10:54:38:167,46.57,167
39278168,10:54:38:168,46.57,100
39284649,10:54:44:649,46.57,524
39284650,10:54:44:650,46.57,100
39284650,10:54:44:650,46.57,100
39284651,10:54:44:651,46.57,227
39284651,10:54:44:651,46.57,100
39284651,10:54:44:651,46.57,100
39284651,10:54:44:651,46.57,6
39284651,10:54:44:651,46.57,35
39284651,10:54:44:651,46.57,100
39284651,10:54:44:651,46.57,100
39286323,10:54:46:323,46.57,100
39287826,10:54:47:826,46.57,200
39287826,10:54:47:826,46.57,100
39295058,10:54:55:58,46.58,43
39295059,10:54:55:59,46.58,100
39295059,10:54:55:59,46.58,57
39295062,10:54:55:62,46.59,4
39295070,10:54:55:70,46.59,100
39295075,10:54:55:75,46.59,100
39295086,10:54:55:86,46.59,100
39297091,10:54:57:91,46.59,96
39306464,10:55:6:464,46.58,4
39317888,10:55:17:888,46.58,100
39317888,10:55:17:888,46.58,100
39317888,10:55:17:888,46.58,100
39356488,10:55:56:488,46.585,300
39356488,10:55:56:488,46.57,100
39356488,10:55:56:488,46.57,100
39356488,10:55:56:488,46.57,100
39356488,10:55:56:488,46.57,100
39356489,10:55:56:489,46.57,98
39356489,10:55:56:489,46.57,2
39356489,10:55:56:489,46.57,100
39356489,10:55:56:489,46.57,199
39356489,10:55:56:489,46.57,439
39356489,10:55:56:489,46.57,1
39356489,10:55:56:489,46.57,2
39356489,10:55:56:489,46.57,5
39356489,10:55:56:489,46.585,600
39356489,10:55:56:489,46.57,122
39356489,10:55:56:489,46.575,300
39356489,10:55:56:489,46.57,78
39356489,10:55:56:489,46.585,200
39356490,10:55:56:490,46.56,100
39356490,10:55:56:490,46.585,200
39356490,10:55:56:490,46.57,200
39356522,10:55:56:522,46.57,100
39357670,10:55:57:670,46.55,100
39357746,10:55:57:746,46.55,100
39359879,10:55:59:879,46.55,100
39359879,10:55:59:879,46.55,100
39359879,10:55:59:879,46.55,100
39359879,10:55:59:879,46.55,100
39359879,10:55:59:879,46.55,100
39359884,10:55:59:884,46.55,100
39359890,10:55:59:890,46.55,100
39360069,10:56:0:69,46.56,100
39360069,10:56:0:69,46.56,97
39360069,10:56:0:69,46.56,100
39360070,10:56:0:70,46.56,100
39360070,10:56:0:70,46.56,3
39360070,10:56:0:70,46.56,100
39360071,10:56:0:71,46.56,100
39361861,10:56:1:861,46.57,100
39361861,10:56:1:861,46.57,100
39361861,10:56:1:861,46.57,20
39361861,10:56:1:861,46.57,100
39361861,10:56:1:861,46.57,80
39361861,10:56:1:861,46.57,400
39361861,10:56:1:861,46.57,100
39361861,10:56:1:861,46.57,100
39361861,10:56:1:861,46.57,100
39361861,10:56:1:861,46.57,100
39361869,10:56:1:869,46.57,200
39361878,10:56:1:878,46.57,100
39364847,10:56:4:847,46.57,100
39364849,10:56:4:849,46.56,91
39365989,10:56:5:989,46.56,100
39365989,10:56:5:989,46.55,100
39388284,10:56:28:284,46.58,100
39388284,10:56:28:284,46.58,100
39388508,10:56:28:508,46.58,100
39391284,10:56:31:284,46.58,200
39392916,10:56:32:916,46.57,200
39397283,10:56:37:283,46.58,100
39403142,10:56:43:142,46.57,4
39403283,10:56:43:283,46.58,100
39407326,10:56:47:326,46.5799,172
39409478,10:56:49:478,46.58,100
39410634,10:56:50:634,46.57,100
39410634,10:56:50:634,46.57,100
39410634,10:56:50:634,46.57,102
39410634,10:56:50:634,46.57,100
39410647,10:56:50:647,46.575,700
39410770,10:56:50:770,46.57,100
39410837,10:56:50:837,46.57,20
39410839,10:56:50:839,46.56,40
39410839,10:56:50:839,46.56,20
39411053,10:56:51:53,46.57,100
39412284,10:56:52:284,46.57,100
39417128,10:56:57:128,46.56,100
39417129,10:56:57:129,46.56,100
39417129,10:56:57:129,46.56,40
39421561,10:57:1:561,46.56,40
39423837,10:57:3:837,46.55,33
39423846,10:57:3:846,46.55,100
39424063,10:57:4:63,46.55,4
39424064,10:57:4:64,46.55,100
39424064,10:57:4:64,46.55,100
39424064,10:57:4:64,46.55,100
39424064,10:57:4:64,46.55,100
39424064,10:57:4:64,46.55,58
39424064,10:57:4:64,46.55,63
