MsOfDay, Time,Price,Size
34201004,9:30:1:4,48.03,14213
34201009,9:30:1:9,48.07,9
34202300,9:30:2:300,48.035,400
34202300,9:30:2:300,48.035,245
34202300,9:30:2:300,48.035,400
34202399,9:30:2:399,48.0571,191
34202651,9:30:2:651,48.035,100
34209807,9:30:9:807,48,7
34212674,9:30:12:674,48,72
34213368,9:30:13:368,48,7
34215514,9:30:15:514,48,5
34216772,9:30:16:772,48,86
34217309,9:30:17:309,48.035,100
34217550,9:30:17:550,48,20
34217729,9:30:17:729,48.035,100
34217928,9:30:17:928,48.035,100
34217987,9:30:17:987,48,83
34218233,9:30:18:233,48.035,200
34218236,9:30:18:236,48.035,200
34218741,9:30:18:741,48.035,400
34219529,9:30:19:529,48.035,100
34228498,9:30:28:498,48.035,100
34254013,9:30:54:13,48.03,100
34272428,9:31:12:428,48.03,100
34273129,9:31:13:129,48.03,100
34277566,9:31:17:566,48,91
34277566,9:31:17:566,48,91
34277566,9:31:17:566,48,9
34277566,9:31:17:566,48,91
34277566,9:31:17:566,48,100
34277566,9:31:17:566,48,109
34277566,9:31:17:566,48,80
34277566,9:31:17:566,48,20
34277566,9:31:17:566,48,11
34277566,9:31:17:566,48,9
34277566,9:31:17:566,48,91
34277566,9:31:17:566,48,9
34277567,9:31:17:567,48,100
34277930,9:31:17:930,48.01,100
34290071,9:31:30:71,47.98,1
34314674,9:31:54:674,47.95,2
34314675,9:31:54:675,47.98,7
34314675,9:31:54:675,47.98,50
34314687,9:31:54:687,47.98,42
34323663,9:32:3:663,47.975,100
34323663,9:32:3:663,47.9825,100
34340813,9:32:20:813,48,10
34340813,9:32:20:813,48,90
34340813,9:32:20:813,48,60
34340813,9:32:20:813,48,140
34340814,9:32:20:814,48,100
34340814,9:32:20:814,48.01,38
34340814,9:32:20:814,47.975,100
34340815,9:32:20:815,47.98,111
34340816,9:32:20:816,47.985,200
34340816,9:32:20:816,47.98,100
34340816,9:32:20:816,47.98,100
34340816,9:32:20:816,48,22
34340816,9:32:20:816,48,78
34340816,9:32:20:816,48,100
34340817,9:32:20:817,47.985,100
34340817,9:32:20:817,48,64
34340817,9:32:20:817,47.985,200
34340818,9:32:20:818,47.985,100
34340868,9:32:20:868,47.995,100
34340873,9:32:20:873,48.01,62
34340873,9:32:20:873,48.02,138
34340874,9:32:20:874,48,36
34340938,9:32:20:938,47.975,150
34341128,9:32:21:128,48,200
34341128,9:32:21:128,48.02,62
34341129,9:32:21:129,48,200
34341129,9:32:21:129,48,100
34341129,9:32:21:129,48,200
34341130,9:32:21:130,48,100
34341637,9:32:21:637,48,100
34341930,9:32:21:930,48,100
34345084,9:32:25:84,47.98,2
34362475,9:32:42:475,47.98,17
34374362,9:32:54:362,47.98,25
34381141,9:33:1:141,47.99,100
34381141,9:33:1:141,47.99,100
34381147,9:33:1:147,48,100
34383095,9:33:3:95,48,100
34383416,9:33:3:416,47.99,100
34383416,9:33:3:416,47.99,200
34383417,9:33:3:417,47.99,91
34383417,9:33:3:417,47.99,9
34383417,9:33:3:417,47.99,200
34383418,9:33:3:418,47.98,100
34383418,9:33:3:418,47.98,50
34383418,9:33:3:418,47.98,50
34383418,9:33:3:418,47.98,41
34383418,9:33:3:418,47.98,100
34383418,9:33:3:418,47.98,31
34383418,9:33:3:418,47.98,100
34383418,9:33:3:418,47.98,19
34383548,9:33:3:548,47.99,100
34383781,9:33:3:781,47.98,100
34385922,9:33:5:922,47.98,100
34385924,9:33:5:924,47.98,100
34401127,9:33:21:127,47.97,50
34401127,9:33:21:127,47.97,50
34401127,9:33:21:127,47.97,100
34401127,9:33:21:127,47.97,50
34401127,9:33:21:127,47.97,100
34405995,9:33:25:995,47.986,30
34417277,9:33:37:277,47.96,100
34417277,9:33:37:277,47.96,100
34417277,9:33:37:277,47.96,100
34417277,9:33:37:277,47.96,50
34417277,9:33:37:277,47.96,150
34417277,9:33:37:277,47.96,140
34417277,9:33:37:277,47.96,100
34417277,9:33:37:277,47.96,100
34417278,9:33:37:278,47.96,76
34417282,9:33:37:282,47.965,100
34417284,9:33:37:284,47.95,100
34417284,9:33:37:284,47.95,100
34417285,9:33:37:285,47.95,100
34417285,9:33:37:285,47.95,100
34417285,9:33:37:285,47.95,100
34417285,9:33:37:285,47.95,98
34417290,9:33:37:290,47.95,100
34421309,9:33:41:309,47.96,100
34421309,9:33:41:309,47.95,200
34421309,9:33:41:309,47.95,200
34421310,9:33:41:310,47.955,200
34421310,9:33:41:310,47.955,200
34421445,9:33:41:445,47.955,100
34421449,9:33:41:449,47.955,100
34421945,9:33:41:945,47.955,100
34421947,9:33:41:947,47.955,100
34422618,9:33:42:618,47.955,200
34422619,9:33:42:619,47.96,200
34422634,9:33:42:634,47.96,100
34422634,9:33:42:634,47.96,200
34422634,9:33:42:634,47.96,100
34422659,9:33:42:659,47.97,100
34422664,9:33:42:664,47.96,100
34422745,9:33:42:745,47.96,100
34422748,9:33:42:748,47.96,100
34429258,9:33:49:258,47.96,100
34429265,9:33:49:265,47.96,100
34429268,9:33:49:268,47.97,100
34429270,9:33:49:270,47.98,100
34429273,9:33:49:273,47.97,100
34429273,9:33:49:273,47.9699,100
34429275,9:33:49:275,47.9699,700
34429278,9:33:49:278,47.99,100
34429278,9:33:49:278,47.99,200
34429945,9:33:49:945,47.985,100
34429947,9:33:49:947,47.985,200
34431147,9:33:51:147,47.97,47
34431147,9:33:51:147,47.97,100
34439673,9:33:59:673,48,20
34459670,9:34:19:670,47.98,100
34459670,9:34:19:670,47.985,100
34477007,9:34:37:7,47.98,100
34489203,9:34:49:203,47.9844,105
34489947,9:34:49:947,47.98,100
34496015,9:34:56:15,47.96,100
34499993,9:34:59:993,47.96,100
34500048,9:35:0:48,47.955,100
34500049,9:35:0:49,47.96,25
34500058,9:35:0:58,47.955,100
34500691,9:35:0:691,47.955,100
34500693,9:35:0:693,47.96,100
34500693,9:35:0:693,47.97,100
34500693,9:35:0:693,47.98,100
34500693,9:35:0:693,47.96,100
34500693,9:35:0:693,47.975,100
34500697,9:35:0:697,47.99,100
34501150,9:35:1:150,47.98,100
34501151,9:35:1:151,47.98,100
34502498,9:35:2:498,47.9701,90
34507941,9:35:7:941,47.99,50
34507941,9:35:7:941,47.99,50
34507943,9:35:7:943,47.9839,50
34507943,9:35:7:943,47.985,250
34513008,9:35:13:8,47.985,100
34513011,9:35:13:11,47.985,100
34513151,9:35:13:151,47.985,100
34519234,9:35:19:234,47.97,100
34519235,9:35:19:235,47.97,100
34519235,9:35:19:235,47.97,100
34519236,9:35:19:236,47.97,100
34519236,9:35:19:236,47.97,200
34519236,9:35:19:236,47.965,100
34519500,9:35:19:500,47.97,100
34519552,9:35:19:552,47.97,100
34524947,9:35:24:947,47.98,200
34524948,9:35:24:948,47.97,100
34524950,9:35:24:950,47.97,198
34524954,9:35:24:954,47.98,100
34524954,9:35:24:954,47.98,200
34525150,9:35:25:150,47.98,100
34525153,9:35:25:153,47.98,100
34529635,9:35:29:635,47.99,20
34544031,9:35:44:31,47.98,100
34546485,9:35:46:485,47.97,2
34546485,9:35:46:485,47.97,6
34553966,9:35:53:966,47.97,100
34553967,9:35:53:967,47.97,100
34553968,9:35:53:968,47.96,100
34553968,9:35:53:968,47.97,100
34553968,9:35:53:968,47.96,100
34553968,9:35:53:968,47.97,200
34553968,9:35:53:968,47.97,100
34554715,9:35:54:715,47.97,1
34554757,9:35:54:757,47.97,100
34569526,9:36:9:526,47.97,100
34569526,9:36:9:526,47.99,200
34569526,9:36:9:526,47.98,99
34569526,9:36:9:526,47.98,1
34569526,9:36:9:526,47.99,6
34569526,9:36:9:526,47.97,100
34569526,9:36:9:526,47.99,94
34569526,9:36:9:526,47.975,300
34569527,9:36:9:527,47.97,100
34569527,9:36:9:527,47.99,100
34569527,9:36:9:527,47.975,100
34569528,9:36:9:528,47.97,100
34569673,9:36:9:673,47.9899,3
34569958,9:36:9:958,47.98,100
34569961,9:36:9:961,47.98,100
34591006,9:36:31:6,47.98,200
34593614,9:36:33:614,47.99,40
34593614,9:36:33:614,47.98,260
34593614,9:36:33:614,47.99,60
34593614,9:36:33:614,47.98,260
34593667,9:36:33:667,48,3
34593959,9:36:33:959,47.985,100
34593960,9:36:33:960,47.985,100
34608084,9:36:48:84,47.98,100
34608084,9:36:48:84,47.98,100
34608085,9:36:48:85,47.98,500
34608085,9:36:48:85,47.98,7
34608085,9:36:48:85,47.98,93
34608085,9:36:48:85,47.98,7
34608085,9:36:48:85,47.98,193
34608356,9:36:48:356,47.97,20
34608359,9:36:48:359,47.98,100
34608361,9:36:48:361,47.98,100
34615040,9:36:55:40,47.97,7
34615058,9:36:55:58,47.97,80
34615058,9:36:55:58,47.97,100
34615058,9:36:55:58,47.97,100
34615058,9:36:55:58,47.97,200
34615058,9:36:55:58,47.97,93
34615058,9:36:55:58,47.97,93
34615058,9:36:55:58,47.97,93
34615257,9:36:55:257,47.97,100
34615552,9:36:55:552,47.97,570
34615559,9:36:55:559,47.97,100
34615561,9:36:55:561,47.97,100
34616317,9:36:56:317,47.9675,100
34616721,9:36:56:721,47.96,100
34616721,9:36:56:721,47.965,100
34616721,9:36:56:721,47.96,100
34616721,9:36:56:721,47.96,100
34616721,9:36:56:721,47.96,100
34616721,9:36:56:721,47.96,100
34616722,9:36:56:722,47.96,100
34616771,9:36:56:771,47.96,100
34616935,9:36:56:935,47.955,530
34617086,9:36:57:86,47.955,100
34621253,9:37:1:253,47.955,160
34621274,9:37:1:274,47.955,160
34621278,9:37:1:278,47.955,100
34621278,9:37:1:278,47.96,60
34621278,9:37:1:278,47.955,100
34621278,9:37:1:278,47.955,100
34621278,9:37:1:278,47.96,1
34621278,9:37:1:278,47.955,80
34621278,9:37:1:278,47.96,20
34621278,9:37:1:278,47.96,80
34621279,9:37:1:279,47.955,100
34626243,9:37:6:243,47.96,3
34629426,9:37:9:426,47.97,100
34629426,9:37:9:426,47.97,100
34632290,9:37:12:290,47.97,100
34632359,9:37:12:359,47.97,100
34632361,9:37:12:361,47.97,100
34633529,9:37:13:529,47.97,89
34635260,9:37:15:260,47.965,100
34637763,9:37:17:763,47.96,11
34639040,9:37:19:40,47.96,86
34639046,9:37:19:46,47.96,100
34640156,9:37:20:156,47.97,100
34640157,9:37:20:157,47.97,100
34640160,9:37:20:160,47.965,130
34640663,9:37:20:663,47.96,100
34642542,9:37:22:542,47.97,100
34644584,9:37:24:584,47.9501,134
34646230,9:37:26:230,47.95,100
34646233,9:37:26:233,47.95,100
34646234,9:37:26:234,47.95,100
34646237,9:37:26:237,47.95,100
34646240,9:37:26:240,47.95,100
34646761,9:37:26:761,47.965,100
34646762,9:37:26:762,47.965,100
34647232,9:37:27:232,47.96,100
34647233,9:37:27:233,47.955,100
34647233,9:37:27:233,47.955,100
34647233,9:37:27:233,47.955,100
34647233,9:37:27:233,47.96,19
34647233,9:37:27:233,47.955,100
34651105,9:37:31:105,47.96,100
34651105,9:37:31:105,47.96,100
34651106,9:37:31:106,47.95,200
34651107,9:37:31:107,47.95,100
34651107,9:37:31:107,47.95,100
34651107,9:37:31:107,47.95,3
34651107,9:37:31:107,47.95,100
34655412,9:37:35:412,47.95,270
34655412,9:37:35:412,47.95,200
34655434,9:37:35:434,47.95,316
34662623,9:37:42:623,47.9601,50
34679162,9:37:59:162,47.96,20
34691831,9:38:11:831,47.97,8
34691831,9:38:11:831,47.97,292
34691832,9:38:11:832,47.97,100
34692596,9:38:12:596,47.96,8
34692597,9:38:12:597,47.96,200
34692597,9:38:12:597,47.96,192
34694785,9:38:14:785,47.965,100
34694785,9:38:14:785,47.97,81
34694785,9:38:14:785,47.97,19
34694786,9:38:14:786,47.97,81
34694786,9:38:14:786,47.97,19
34695020,9:38:15:20,47.97,1
34695560,9:38:15:560,47.975,100
34695563,9:38:15:563,47.975,100
34705534,9:38:25:534,47.97,8
34718402,9:38:38:402,47.98,100
34721182,9:38:41:182,47.9892,100
34726838,9:38:46:838,47.99,92
34739742,9:38:59:742,47.97,10
34741530,9:39:1:530,47.985,100
34741996,9:39:1:996,47.985,100
34750359,9:39:10:359,47.99,2
34750361,9:39:10:361,48,100
34750361,9:39:10:361,48,100
34752923,9:39:12:923,48.0014,400
34753164,9:39:13:164,48,100
34753165,9:39:13:165,48,100
34753495,9:39:13:495,48,100
34755099,9:39:15:99,47.99,20
34755584,9:39:15:584,48.01,201
34755584,9:39:15:584,48.01,77
34755584,9:39:15:584,48.01,23
34755584,9:39:15:584,48,100
34755584,9:39:15:584,48.01,1
34755584,9:39:15:584,48.01,100
34755584,9:39:15:584,48.01,100
34755584,9:39:15:584,48.005,100
34755585,9:39:15:585,48.005,100
34755586,9:39:15:586,48.0075,100
34755587,9:39:15:587,48,100
34755588,9:39:15:588,48.005,100
34755592,9:39:15:592,48.01,300
34755594,9:39:15:594,48.005,100
34755609,9:39:15:609,48.01,23
34756364,9:39:16:364,48.005,200
34756364,9:39:16:364,48,100
34756364,9:39:16:364,48.005,100
34756366,9:39:16:366,47.99,50
34756369,9:39:16:369,47.995,200
34756369,9:39:16:369,47.995,100
34756554,9:39:16:554,47.995,100
34756556,9:39:16:556,47.995,100
34757171,9:39:17:171,47.99,20
34760267,9:39:20:267,47.99,20
34760849,9:39:20:849,47.99,10
34760849,9:39:20:849,47.99,100
34760849,9:39:20:849,47.99,81
34760849,9:39:20:849,47.99,100
34760850,9:39:20:850,47.99,319
34760850,9:39:20:850,47.99,90
34760851,9:39:20:851,47.98,100
34760851,9:39:20:851,47.98,50
34760851,9:39:20:851,47.98,50
34760851,9:39:20:851,47.98,50
34760851,9:39:20:851,47.98,50
34760852,9:39:20:852,47.99,100
34760853,9:39:20:853,47.99,100
34760853,9:39:20:853,47.985,177
34760853,9:39:20:853,47.99,100
34760853,9:39:20:853,47.985,123
34760853,9:39:20:853,47.99,54
34760853,9:39:20:853,47.99,46
34760853,9:39:20:853,47.99,77
34760853,9:39:20:853,47.99,54
34760855,9:39:20:855,47.985,100
34760856,9:39:20:856,47.99,100
34760859,9:39:20:859,47.98,20
34761347,9:39:21:347,47.99,100
34761347,9:39:21:347,47.985,100
34761347,9:39:21:347,47.985,100
34761347,9:39:21:347,47.985,100
34761413,9:39:21:413,47.985,100
34761670,9:39:21:670,47.985,100
34761671,9:39:21:671,47.99,100
34761672,9:39:21:672,47.99,200
34761672,9:39:21:672,47.99,100
34767761,9:39:27:761,48,1000
34767761,9:39:27:761,48,100
34767762,9:39:27:762,48,200
34767762,9:39:27:762,48.0001,552
34768229,9:39:28:229,48.04,100
34768234,9:39:28:234,48.02,10
34768235,9:39:28:235,48.04,100
34768366,9:39:28:366,48.05,100
34768373,9:39:28:373,48.07,100
34768374,9:39:28:374,48.07,200
34768375,9:39:28:375,48.07,100
34775006,9:39:35:6,48.06,100
34776984,9:39:36:984,48.07,20
34776984,9:39:36:984,48.07,180
34777942,9:39:37:942,48.09,100
34780095,9:39:40:95,48.11,81
34780544,9:39:40:544,48.07,20
34780878,9:39:40:878,48.07,55
34787492,9:39:47:492,48.06,20
34789002,9:39:49:2,48.06,20
34789084,9:39:49:84,48.06,22
34790164,9:39:50:164,48.06,45
34808758,9:40:8:758,48.09,14
34813043,9:40:13:43,48.11,100
34821484,9:40:21:484,48.11,100
34821757,9:40:21:757,48.11,100
34821758,9:40:21:758,48.12,200
34821758,9:40:21:758,48.12,100
34821758,9:40:21:758,48.12,100
34821969,9:40:21:969,48.14,200
34821971,9:40:21:971,48.14,100
34822189,9:40:22:189,48.12,10
34825871,9:40:25:871,48.13,100
34825871,9:40:25:871,48.13,100
34825993,9:40:25:993,48.14,1
34826822,9:40:26:822,48.12,20
34833451,9:40:33:451,48.14,100
34847067,9:40:47:67,48.12,20
34850801,9:40:50:801,48.11,5
34851485,9:40:51:485,48.15,500
34851493,9:40:51:493,48.1498,500
34851506,9:40:51:506,48.15,100
34851506,9:40:51:506,48.15,500
34851509,9:40:51:509,48.135,100
34851511,9:40:51:511,48.12,3
34851511,9:40:51:511,48.12,6
34851514,9:40:51:514,48.1498,100
34851515,9:40:51:515,48.1498,500
34851516,9:40:51:516,48.16,200
34851521,9:40:51:521,48.14,87
34851525,9:40:51:525,48.14,100
34851527,9:40:51:527,48.14,100
34851531,9:40:51:531,48.14,6
34851532,9:40:51:532,48.15,100
34851532,9:40:51:532,48.15,100
34851532,9:40:51:532,48.15,100
34851532,9:40:51:532,48.15,100
34851532,9:40:51:532,48.15,100
34851533,9:40:51:533,48.15,100
34851533,9:40:51:533,48.15,100
34851533,9:40:51:533,48.15,100
34851533,9:40:51:533,48.15,100
34851533,9:40:51:533,48.15,100
34851538,9:40:51:538,48.14,52
34851542,9:40:51:542,48.1499,100
34851542,9:40:51:542,48.1499,100
34851542,9:40:51:542,48.1499,100
34851543,9:40:51:543,48.1499,100
34851568,9:40:51:568,48.16,400
34851570,9:40:51:570,48.16,300
34851963,9:40:51:963,48.17,1
34851964,9:40:51:964,48.18,100
34851970,9:40:51:970,48.19,100
34851970,9:40:51:970,48.19,100
34853292,9:40:53:292,48.18,99
34853410,9:40:53:410,48.18,99
34853927,9:40:53:927,48.2,100
34862131,9:41:2:131,48.2,100
34862132,9:41:2:132,48.2,25
34867807,9:41:7:807,48.195,100
34868369,9:41:8:369,48.21,100
34868371,9:41:8:371,48.21,100
34868484,9:41:8:484,48.2,99
34868618,9:41:8:618,48.2,99
34868747,9:41:8:747,48.2,99
34868887,9:41:8:887,48.2,99
34869038,9:41:9:38,48.2,99
34869168,9:41:9:168,48.22,200
34869172,9:41:9:172,48.22,100
34869192,9:41:9:192,48.2,65
34919755,9:41:59:755,48.2,10
34919760,9:41:59:760,48.22,100
34919760,9:41:59:760,48.22,100
34919762,9:41:59:762,48.22,100
34919767,9:41:59:767,48.22,100
34919782,9:41:59:782,48.22,100
34919782,9:41:59:782,48.22,100
34919783,9:41:59:783,48.21,100
34919783,9:41:59:783,48.21,100
34919783,9:41:59:783,48.21,100
34919784,9:41:59:784,48.21,99
34919784,9:41:59:784,48.21,1
34919951,9:41:59:951,48.21,100
34925876,9:42:5:876,48.215,100
34925904,9:42:5:904,48.215,100
34926886,9:42:6:886,48.23,97
34932564,9:42:12:564,48.2225,71
34932583,9:42:12:583,48.2,10
34935209,9:42:15:209,48.2225,89
34935571,9:42:15:571,48.23,100
34935572,9:42:15:572,48.23,100
34935572,9:42:15:572,48.23,100
34959233,9:42:39:233,48.23,1
34959233,9:42:39:233,48.23,3
34959233,9:42:39:233,48.23,99
34959233,9:42:39:233,48.23,100
34959233,9:42:39:233,48.23,100
34959233,9:42:39:233,48.23,100
34959233,9:42:39:233,48.23,100
34959233,9:42:39:233,48.24,102
34959233,9:42:39:233,48.24,100
34959233,9:42:39:233,48.24,98
34959235,9:42:39:235,48.23,100
34959257,9:42:39:257,48.23,69
34959257,9:42:39:257,48.23,31
34960226,9:42:40:226,48.25,100
34976007,9:42:56:7,48.27,100
34976007,9:42:56:7,48.27,100
34984522,9:43:4:522,48.266,1000
34984734,9:43:4:734,48.28,100
34985684,9:43:5:684,48.25,10
35022105,9:43:42:105,48.25,100
35022106,9:43:42:106,48.25,100
35022107,9:43:42:107,48.25,100
35026931,9:43:46:931,48.2586,500
35027311,9:43:47:311,48.255,300
35027313,9:43:47:313,48.27,100
35027316,9:43:47:316,48.27,100
35027727,9:43:47:727,48.27,100
35030010,9:43:50:10,48.27,200
35031042,9:43:51:42,48.28,100
35031085,9:43:51:85,48.28,100
35043575,9:44:3:575,48.28,4
35045766,9:44:5:766,48.28,100
35059012,9:44:19:12,48.26,100
35059012,9:44:19:12,48.26,5
35059012,9:44:19:12,48.26,100
35059013,9:44:19:13,48.26,95
35059065,9:44:19:65,48.28,100
35061325,9:44:21:325,48.25,100
35061325,9:44:21:325,48.25,100
35061331,9:44:21:331,48.25,200
35061448,9:44:21:448,48.25,100
35067386,9:44:27:386,48.24,100
35067386,9:44:27:386,48.24,100
35068216,9:44:28:216,48.23,100
35068216,9:44:28:216,48.23,100
35068216,9:44:28:216,48.23,5
35068216,9:44:28:216,48.23,95
35068217,9:44:28:217,48.23,228
35068217,9:44:28:217,48.23,97
35068217,9:44:28:217,48.23,103
35068217,9:44:28:217,48.23,100
35068217,9:44:28:217,48.23,72
35068217,9:44:28:217,48.23,100
35068222,9:44:28:222,48.23,100
35068223,9:44:28:223,48.23,100
35068223,9:44:28:223,48.23,100
35068223,9:44:28:223,48.23,100
35068223,9:44:28:223,48.23,100
35068706,9:44:28:706,48.24,100
35068707,9:44:28:707,48.24,100
35068707,9:44:28:707,48.25,100
35068707,9:44:28:707,48.25,100
35068708,9:44:28:708,48.25,100
35068852,9:44:28:852,48.24,100
35068864,9:44:28:864,48.245,100
35070003,9:44:30:3,48.2502,100
35074010,9:44:34:10,48.25,100
35074011,9:44:34:11,48.26,100
35084527,9:44:44:527,48.25,100
35084527,9:44:44:527,48.25,500
35084531,9:44:44:531,48.28,100
35092799,9:44:52:799,48.26,100
35095022,9:44:55:22,48.27,100
35095022,9:44:55:22,48.27,14
35095022,9:44:55:22,48.27,86
35095965,9:44:55:965,48.27,100
35100102,9:45:0:102,48.26,10
35101621,9:45:1:621,48.26,40
35101621,9:45:1:621,48.26,50
35102330,9:45:2:330,48.25,100
35102331,9:45:2:331,48.25,100
35102331,9:45:2:331,48.25,100
35102331,9:45:2:331,48.25,100
35102331,9:45:2:331,48.25,100
35106243,9:45:6:243,48.2301,21
35109423,9:45:9:423,48.23,20
35109423,9:45:9:423,48.23,83
35110603,9:45:10:603,48.26,100
35111689,9:45:11:689,48.23,200
35111689,9:45:11:689,48.24,1
35111689,9:45:11:689,48.23,80
35111689,9:45:11:689,48.23,100
35111693,9:45:11:693,48.23,17
35113364,9:45:13:364,48.21,20
35113364,9:45:13:364,48.21,20
35113954,9:45:13:954,48.23,100
35113961,9:45:13:961,48.22,50
35122060,9:45:22:60,48.22,200
35128208,9:45:28:208,48.21,80
35128208,9:45:28:208,48.21,20
35128208,9:45:28:208,48.21,80
35128208,9:45:28:208,48.21,100
35128208,9:45:28:208,48.21,80
35128209,9:45:28:209,48.21,80
35128210,9:45:28:210,48.2,100
35128210,9:45:28:210,48.21,40
35128212,9:45:28:212,48.2,40
35138426,9:45:38:426,48.19,100
35140721,9:45:40:721,48.19,3
35141667,9:45:41:667,48.18,714
35141669,9:45:41:669,48.2,100
35141720,9:45:41:720,48.2,100
35144260,9:45:44:260,48.19,15
35145326,9:45:45:326,48.1989,179
35157767,9:45:57:767,48.19,100
35157767,9:45:57:767,48.19,199
35157783,9:45:57:783,48.19,171
35157823,9:45:57:823,48.21,100
35157857,9:45:57:857,48.19,100
35157857,9:45:57:857,48.19,300
35157883,9:45:57:883,48.19,100
35160589,9:46:0:589,48.2,100
35160589,9:46:0:589,48.2,300
35160589,9:46:0:589,48.2,1
35160591,9:46:0:591,48.21,302
35160591,9:46:0:591,48.21,100
35160591,9:46:0:591,48.21,100
35160591,9:46:0:591,48.21,100
35160591,9:46:0:591,48.2,100
35160592,9:46:0:592,48.2,98
35160592,9:46:0:592,48.2,2
35160593,9:46:0:593,48.21,100
35160597,9:46:0:597,48.21,100
35160697,9:46:0:697,48.22,200
35160947,9:46:0:947,48.2,100
35160947,9:46:0:947,48.19,100
35160973,9:46:0:973,48.21,100
35160974,9:46:0:974,48.21,100
35160977,9:46:0:977,48.21,100
35162383,9:46:2:383,48.2,100
35168775,9:46:8:775,48.195,10
35173852,9:46:13:852,48.22,4
35190005,9:46:30:5,48.21,200
35190006,9:46:30:6,48.21,100
35190006,9:46:30:6,48.21,2
35190042,9:46:30:42,48.23,100
35190800,9:46:30:800,48.23,100
35202731,9:46:42:731,48.2185,228
35226989,9:47:6:989,48.21,100
35235686,9:47:15:686,48.21,10
35235691,9:47:15:691,48.22,100
35235691,9:47:15:691,48.22,4
35238251,9:47:18:251,48.22,100
35238251,9:47:18:251,48.22,100
35238284,9:47:18:284,48.22,100
35238286,9:47:18:286,48.22,33
35238286,9:47:18:286,48.22,67
35238385,9:47:18:385,48.23,100
35250849,9:47:30:849,48.2396,21
35254854,9:47:34:854,48.24,100
35254855,9:47:34:855,48.23,16
35254858,9:47:34:858,48.24,100
35254877,9:47:34:877,48.23,100
35254877,9:47:34:877,48.23,100
35254881,9:47:34:881,48.23,100
35254882,9:47:34:882,48.23,100
35254890,9:47:34:890,48.23,100
35254890,9:47:34:890,48.23,100
35254890,9:47:34:890,48.23,100
35255454,9:47:35:454,48.24,100
35255457,9:47:35:457,48.24,100
35255457,9:47:35:457,48.24,100
35255457,9:47:35:457,48.24,200
35255460,9:47:35:460,48.24,100
35255460,9:47:35:460,48.24,100
35255533,9:47:35:533,48.24,100
35259136,9:47:39:136,48.25,100
35259137,9:47:39:137,48.25,53
35259137,9:47:39:137,48.25,100
35265683,9:47:45:683,48.25,100
35266524,9:47:46:524,48.24,100
35282189,9:48:2:189,48.25,100
35282230,9:48:2:230,48.25,200
35284657,9:48:4:657,48.2565,100
35292790,9:48:12:790,48.26,100
35292791,9:48:12:791,48.26,100
35292815,9:48:12:815,48.26,100
35321005,9:48:41:5,48.27,200
35321006,9:48:41:6,48.27,100
35321006,9:48:41:6,48.27,100
35321006,9:48:41:6,48.27,100
35321006,9:48:41:6,48.27,53
35321006,9:48:41:6,48.27,100
35321008,9:48:41:8,48.27,88
35321008,9:48:41:8,48.27,100
35321014,9:48:41:14,48.27,100
35321034,9:48:41:34,48.27,100
35321769,9:48:41:769,48.27,300
35321770,9:48:41:770,48.27,100
35321771,9:48:41:771,48.28,100
35323663,9:48:43:663,48.28,200
35323722,9:48:43:722,48.27,200
35330621,9:48:50:621,48.27,100
35331524,9:48:51:524,48.27,100
35332034,9:48:52:34,48.27,4
35334073,9:48:54:73,48.27,96
35337634,9:48:57:634,48.27,85
35337634,9:48:57:634,48.27,15
35338809,9:48:58:809,48.27,100
35342136,9:49:2:136,48.2799,500
35342136,9:49:2:136,48.2799,1593
35342143,9:49:2:143,48.27,66
35342143,9:49:2:143,48.27,34
35342143,9:49:2:143,48.27,100
35342196,9:49:2:196,48.27,100
35342303,9:49:2:303,48.27,300
35342307,9:49:2:307,48.28,200
35343614,9:49:3:614,48.27,6
35344334,9:49:4:334,48.28,19
35344335,9:49:4:335,48.28,100
35344335,9:49:4:335,48.28,100
35344335,9:49:4:335,48.28,100
35344336,9:49:4:336,48.27,100
35344336,9:49:4:336,48.28,81
35344336,9:49:4:336,48.28,19
35344336,9:49:4:336,48.28,100
35344336,9:49:4:336,48.28,100
35344361,9:49:4:361,48.28,100
35348149,9:49:8:149,48.29,50
35348149,9:49:8:149,48.29,100
35348149,9:49:8:149,48.29,50
35348149,9:49:8:149,48.29,100
35348155,9:49:8:155,48.29,100
35348176,9:49:8:176,48.29,100
35348630,9:49:8:630,48.3,100
35348630,9:49:8:630,48.3,100
35348630,9:49:8:630,48.3,100
35348630,9:49:8:630,48.3,49
35348630,9:49:8:630,48.3,34
35348631,9:49:8:631,48.3,53
35348631,9:49:8:631,48.3,100
35349024,9:49:9:24,48.31,50
35351418,9:49:11:418,48.31,100
35351418,9:49:11:418,48.31,100
35351419,9:49:11:419,48.32,100
35351419,9:49:11:419,48.32,4
35351420,9:49:11:420,48.32,200
35353003,9:49:13:3,48.32,100
35353003,9:49:13:3,48.32,92
35354645,9:49:14:645,48.32,200
35354645,9:49:14:645,48.32,1000
35354645,9:49:14:645,48.32,500
35354972,9:49:14:972,48.33,100
35354973,9:49:14:973,48.34,500
35355324,9:49:15:324,48.34,400
35355327,9:49:15:327,48.34,100
35355378,9:49:15:378,48.34,100
35355378,9:49:15:378,48.34,100
35355379,9:49:15:379,48.34,100
35355387,9:49:15:387,48.34,200
35355899,9:49:15:899,48.33,100
35355902,9:49:15:902,48.33,200
35355902,9:49:15:902,48.33,200
35355903,9:49:15:903,48.33,100
35355903,9:49:15:903,48.33,100
35355904,9:49:15:904,48.33,100
35355904,9:49:15:904,48.33,41
35356023,9:49:16:23,48.34,50
35357804,9:49:17:804,48.32,20
35357807,9:49:17:807,48.32,20
35357807,9:49:17:807,48.32,60
35357819,9:49:17:819,48.32,100
35357819,9:49:17:819,48.32,7
35357820,9:49:17:820,48.32,193
35357820,9:49:17:820,48.325,100
35357830,9:49:17:830,48.32,100
35357877,9:49:17:877,48.33,100
35357878,9:49:17:878,48.33,300
35358836,9:49:18:836,48.33,4
35360255,9:49:20:255,48.3362,30
35363875,9:49:23:875,48.32,100
35363875,9:49:23:875,48.32,100
35368747,9:49:28:747,48.34,400
35368747,9:49:28:747,48.33,100
35368749,9:49:28:749,48.3399,100
35368750,9:49:28:750,48.325,100
35368751,9:49:28:751,48.325,200
35368762,9:49:28:762,48.325,100
35368778,9:49:28:778,48.3298,100
35369354,9:49:29:354,48.32,100
35369387,9:49:29:387,48.325,100
35369478,9:49:29:478,48.325,100
35370427,9:49:30:427,48.32,100
35370427,9:49:30:427,48.32,100
35370433,9:49:30:433,48.315,100
35370577,9:49:30:577,48.315,200
35370579,9:49:30:579,48.315,100
35370580,9:49:30:580,48.315,200
35370588,9:49:30:588,48.32,100
35371486,9:49:31:486,48.33,400
35371486,9:49:31:486,48.33,100
35371487,9:49:31:487,48.32,200
35372677,9:49:32:677,48.3292,200
35372684,9:49:32:684,48.33,200
35372690,9:49:32:690,48.3297,100
35373692,9:49:33:692,48.33,200
35378711,9:49:38:711,48.33,20
35378711,9:49:38:711,48.33,70
35380221,9:49:40:221,48.32,20
35389654,9:49:49:654,48.33,100
35389656,9:49:49:656,48.32,200
35390937,9:49:50:937,48.32,20
35394007,9:49:54:7,48.33,100
35394155,9:49:54:155,48.33,100
35394327,9:49:54:327,48.32,100
35407994,9:50:7:994,48.32,60
35407994,9:50:7:994,48.31,200
35407994,9:50:7:994,48.31,100
35407994,9:50:7:994,48.31,100
35407994,9:50:7:994,48.31,100
35407995,9:50:7:995,48.31,100
35407995,9:50:7:995,48.31,100
35407995,9:50:7:995,48.31,100
35407995,9:50:7:995,48.31,200
35407995,9:50:7:995,48.31,100
35418530,9:50:18:530,48.29,100
35418532,9:50:18:532,48.28,97
35418532,9:50:18:532,48.28,100
35418532,9:50:18:532,48.28,100
35418535,9:50:18:535,48.28,100
35418536,9:50:18:536,48.28,100
35423474,9:50:23:474,48.27,200
35423730,9:50:23:730,48.27,100
35423730,9:50:23:730,48.27,100
35423731,9:50:23:731,48.27,100
35423736,9:50:23:736,48.26,100
35424002,9:50:24:2,48.27,3
35443049,9:50:43:49,48.27,400
35443052,9:50:43:52,48.27,100
35443057,9:50:43:57,48.255,100
35443086,9:50:43:86,48.255,100
35446449,9:50:46:449,48.27,100
35446451,9:50:46:451,48.27,100
35448503,9:50:48:503,48.255,100
35448524,9:50:48:524,48.255,100
35448525,9:50:48:525,48.255,100
35448526,9:50:48:526,48.255,100
35448530,9:50:48:530,48.255,200
35448587,9:50:48:587,48.27,100
35448649,9:50:48:649,48.24,100
35449457,9:50:49:457,48.27,100
35449459,9:50:49:459,48.27,100
35449461,9:50:49:461,48.27,100
35449462,9:50:49:462,48.27,100
35449465,9:50:49:465,48.27,200
35456662,9:50:56:662,48.24,20
35471821,9:51:11:821,48.245,100
35471849,9:51:11:849,48.245,300
35471863,9:51:11:863,48.25,100
35471863,9:51:11:863,48.25,100
35471863,9:51:11:863,48.25,200
35473658,9:51:13:658,48.26,40
35474552,9:51:14:552,48.25,100
35474554,9:51:14:554,48.25,300
35474608,9:51:14:608,48.26,3
35474679,9:51:14:679,48.24,100
35501146,9:51:41:146,48.24,100
35515369,9:51:55:369,48.24,95
35515371,9:51:55:371,48.24,605
35515373,9:51:55:373,48.23,100
35515373,9:51:55:373,48.23,200
35515373,9:51:55:373,48.23,100
35515373,9:51:55:373,48.23,100
35515373,9:51:55:373,48.23,100
35515374,9:51:55:374,48.23,100
35515374,9:51:55:374,48.22,100
35515386,9:51:55:386,48.22,100
35515393,9:51:55:393,48.2,180
35515403,9:51:55:403,48.2,1796
35515406,9:51:55:406,48.2102,535
35515543,9:51:55:543,48.2,100
35516764,9:51:56:764,48.22,100
35516764,9:51:56:764,48.22,100
35517643,9:51:57:643,48.24,20
35518009,9:51:58:9,48.24,80
35530433,9:52:10:433,48.25,100
35530434,9:52:10:434,48.25,100
35530434,9:52:10:434,48.25,100
35530435,9:52:10:435,48.25,100
35530435,9:52:10:435,48.25,53
35530436,9:52:10:436,48.26,100
35530436,9:52:10:436,48.26,100
35530437,9:52:10:437,48.27,100
35530437,9:52:10:437,48.27,100
35530438,9:52:10:438,48.27,92
35530438,9:52:10:438,48.28,8
35530659,9:52:10:659,48.25,100
35530683,9:52:10:683,48.2579,387
35530686,9:52:10:686,48.26,100
35530686,9:52:10:686,48.26,100
35533001,9:52:13:1,48.26,3
35534379,9:52:14:379,48.26,33
35548889,9:52:28:889,48.24,1
35548889,9:52:28:889,48.24,99
35548889,9:52:28:889,48.24,1
35548889,9:52:28:889,48.24,82
35549134,9:52:29:134,48.23,20
35549134,9:52:29:134,48.23,20
35549134,9:52:29:134,48.23,20
35549136,9:52:29:136,48.23,20
35549149,9:52:29:149,48.23,200
35549149,9:52:29:149,48.23,158
35549149,9:52:29:149,48.23,100
35549149,9:52:29:149,48.23,60
35549149,9:52:29:149,48.23,80
35549149,9:52:29:149,48.23,42
35576427,9:52:56:427,48.2271,60
35580297,9:53:0:297,48.23,100
35580297,9:53:0:297,48.23,300
35580423,9:53:0:423,48.22,100
35602626,9:53:22:626,48.22,100
35602626,9:53:22:626,48.22,100
35602627,9:53:22:627,48.22,41
35623417,9:53:43:417,48.22,100
35623418,9:53:43:418,48.22,59
35623425,9:53:43:425,48.22,98
35623425,9:53:43:425,48.22,100
35623425,9:53:43:425,48.22,100
35623425,9:53:43:425,48.22,100
35623426,9:53:43:426,48.22,100
35623441,9:53:43:441,48.22,100
35623442,9:53:43:442,48.22,100
35625526,9:53:45:526,48.21,100
35625527,9:53:45:527,48.21,100
35625528,9:53:45:528,48.21,200
35625528,9:53:45:528,48.21,100
35629013,9:53:49:13,48.21,100
35636464,9:53:56:464,48.21,500
35636464,9:53:56:464,48.21,100
35636464,9:53:56:464,48.21,100
35636609,9:53:56:609,48.2,100
35638438,9:53:58:438,48.2,400
35638441,9:53:58:441,48.2,300
35651025,9:54:11:25,48.22,100
35651025,9:54:11:25,48.22,100
35651025,9:54:11:25,48.22,100
35651025,9:54:11:25,48.23,100
35651026,9:54:11:26,48.23,300
35651030,9:54:11:30,48.23,6
35651030,9:54:11:30,48.23,94
35651051,9:54:11:51,48.22,100
35656057,9:54:16:57,48.22,35
35669559,9:54:29:559,48.24,2
35671448,9:54:31:448,48.25,98
35671448,9:54:31:448,48.25,2
35671448,9:54:31:448,48.25,5
35671448,9:54:31:448,48.25,100
35671448,9:54:31:448,48.25,2
35671448,9:54:31:448,48.25,100
35671448,9:54:31:448,48.25,7
35671448,9:54:31:448,48.25,5
35671448,9:54:31:448,48.25,34
35671451,9:54:31:451,48.25,100
35671454,9:54:31:454,48.25,100
35672016,9:54:32:16,48.26,97
35672017,9:54:32:17,48.27,100
35672017,9:54:32:17,48.27,100
35672017,9:54:32:17,48.27,100
35672017,9:54:32:17,48.27,92
35672031,9:54:32:31,48.27,32
35672031,9:54:32:31,48.27,68
35676712,9:54:36:712,48.2838,151
35676831,9:54:36:831,48.31,100
35676831,9:54:36:831,48.29,1
35676831,9:54:36:831,48.3,200
35676831,9:54:36:831,48.32,100
35676831,9:54:36:831,48.3,125
35676831,9:54:36:831,48.3,100
35676831,9:54:36:831,48.3,19
35676845,9:54:36:845,48.3224,400
35677830,9:54:37:830,48.31,400
35677833,9:54:37:833,48.31,100
35677868,9:54:37:868,48.31,200
35678613,9:54:38:613,48.31,300
35678653,9:54:38:653,48.31,400
35678706,9:54:38:706,48.31,300
35678708,9:54:38:708,48.31,200
35678736,9:54:38:736,48.32,400
35678750,9:54:38:750,48.29,100
35678956,9:54:38:956,48.31,100
35678958,9:54:38:958,48.32,100
35678958,9:54:38:958,48.32,100
35678959,9:54:38:959,48.32,100
35678960,9:54:38:960,48.32,100
35678960,9:54:38:960,48.33,100
35678963,9:54:38:963,48.33,100
35679600,9:54:39:600,48.33,100
35679602,9:54:39:602,48.33,100
35679602,9:54:39:602,48.33,200
35679604,9:54:39:604,48.33,100
35679605,9:54:39:605,48.33,100
35681801,9:54:41:801,48.33,400
35681804,9:54:41:804,48.33,100
35681854,9:54:41:854,48.33,100
35681854,9:54:41:854,48.33,100
35682336,9:54:42:336,48.33,300
35682337,9:54:42:337,48.34,100
35682337,9:54:42:337,48.33,55
35682337,9:54:42:337,48.35,45
35682588,9:54:42:588,48.34,200
35682589,9:54:42:589,48.35,200
35682591,9:54:42:591,48.38,100
35682591,9:54:42:591,48.38,100
35682592,9:54:42:592,48.38,100
35682751,9:54:42:751,48.32,100
35683206,9:54:43:206,48.34,100
35683206,9:54:43:206,48.34,100
35683206,9:54:43:206,48.34,200
35683207,9:54:43:207,48.34,100
35683260,9:54:43:260,48.35,100
35683302,9:54:43:302,48.35,100
35683368,9:54:43:368,48.35,100
35683410,9:54:43:410,48.35,200
35683410,9:54:43:410,48.35,200
35683413,9:54:43:413,48.35,100
35683413,9:54:43:413,48.35,100
35683422,9:54:43:422,48.36,100
35683422,9:54:43:422,48.36,100
35683423,9:54:43:423,48.36,100
35683423,9:54:43:423,48.36,100
35683425,9:54:43:425,48.36,100
35683425,9:54:43:425,48.36,100
35683425,9:54:43:425,48.36,100
35683425,9:54:43:425,48.36,100
35683425,9:54:43:425,48.36,100
35683426,9:54:43:426,48.36,100
35683426,9:54:43:426,48.36,100
35683432,9:54:43:432,48.365,100
35683436,9:54:43:436,48.365,100
35683436,9:54:43:436,48.37,400
35683446,9:54:43:446,48.38,100
35683477,9:54:43:477,48.39,10
35683486,9:54:43:486,48.39,700
35683499,9:54:43:499,48.39,600
35683499,9:54:43:499,48.39,88
35683605,9:54:43:605,48.39,400
35683608,9:54:43:608,48.39,300
35683852,9:54:43:852,48.35,100
35684118,9:54:44:118,48.36,20
35684579,9:54:44:579,48.39,100
35684579,9:54:44:579,48.38,100
35684579,9:54:44:579,48.39,100
35684579,9:54:44:579,48.39,100
35684593,9:54:44:593,48.4113,200
35684609,9:54:44:609,48.38,100
35684720,9:54:44:720,48.4,300
35684803,9:54:44:803,48.4,200
35684862,9:54:44:862,48.4,62
35684862,9:54:44:862,48.4,100
35684862,9:54:44:862,48.4,138
35684958,9:54:44:958,48.4,62
35684960,9:54:44:960,48.4,100
35684965,9:54:44:965,48.4,38
35684989,9:54:44:989,48.4,100
35684989,9:54:44:989,48.4,100
35684989,9:54:44:989,48.4,100
35684990,9:54:44:990,48.41,300
35684990,9:54:44:990,48.41,700
35685211,9:54:45:211,48.43,100
35685215,9:54:45:215,48.43,100
35685218,9:54:45:218,48.43,200
35685219,9:54:45:219,48.43,100
35685219,9:54:45:219,48.44,200
35685221,9:54:45:221,48.43,100
35685225,9:54:45:225,48.43,100
35685272,9:54:45:272,48.44,100
35685391,9:54:45:391,48.44,100
35685393,9:54:45:393,48.44,100
35685393,9:54:45:393,48.44,100
35685396,9:54:45:396,48.44,100
35685398,9:54:45:398,48.44,300
35685399,9:54:45:399,48.44,300
35687733,9:54:47:733,48.325,100
35690542,9:54:50:542,48.43,100
35690542,9:54:50:542,48.44,200
35690542,9:54:50:542,48.43,100
35690542,9:54:50:542,48.44,100
35690542,9:54:50:542,48.44,100
35690544,9:54:50:544,48.43,100
35690547,9:54:50:547,48.43,100
35690571,9:54:50:571,48.42,100
35690726,9:54:50:726,48.4275,1500
35691313,9:54:51:313,48.45,100
35691315,9:54:51:315,48.45,100
35691316,9:54:51:316,48.45,100
35691316,9:54:51:316,48.45,100
35691318,9:54:51:318,48.45,100
35692374,9:54:52:374,48.44,200
35692374,9:54:52:374,48.45,100
35692374,9:54:52:374,48.45,100
35694846,9:54:54:846,48.41,20
35696392,9:54:56:392,48.42,20
35696393,9:54:56:393,48.41,20
35698008,9:54:58:8,48.44,150
35698008,9:54:58:8,48.44,550
35698009,9:54:58:9,48.44,100
35698009,9:54:58:9,48.44,100
35698010,9:54:58:10,48.43,100
35698010,9:54:58:10,48.44,100
35698010,9:54:58:10,48.43,100
35698010,9:54:58:10,48.43,100
35698010,9:54:58:10,48.44,100
35698011,9:54:58:11,48.44,100
35698023,9:54:58:23,48.43,100
35698033,9:54:58:33,48.43,100
35698159,9:54:58:159,48.45,100
35698159,9:54:58:159,48.44,100
35698159,9:54:58:159,48.45,300
35698159,9:54:58:159,48.44,100
35698160,9:54:58:160,48.49,100
35698160,9:54:58:160,48.5,100
35698160,9:54:58:160,48.46,100
35698160,9:54:58:160,48.46,74
35698160,9:54:58:160,48.46,200
35698160,9:54:58:160,48.46,200
35698160,9:54:58:160,48.46,100
35698160,9:54:58:160,48.47,100
35698160,9:54:58:160,48.48,100
35698160,9:54:58:160,48.46,926
35698160,9:54:58:160,48.49,300
35698160,9:54:58:160,48.5,574
35698162,9:54:58:162,48.49,100
35698162,9:54:58:162,48.5,100
35698162,9:54:58:162,48.5,290
35698162,9:54:58:162,48.51,700
35698163,9:54:58:163,48.46,100
35698164,9:54:58:164,48.46,100
35698164,9:54:58:164,48.46,100
35698165,9:54:58:165,48.5,50
35698167,9:54:58:167,48.4821,618
35698167,9:54:58:167,48.52,528
35698181,9:54:58:181,48.49,592
35698269,9:54:58:269,48.5,500
35698270,9:54:58:270,48.5,300
35698271,9:54:58:271,48.5,500
35698274,9:54:58:274,48.5,100
35698279,9:54:58:279,48.46,100
35698333,9:54:58:333,48.44,100
35698333,9:54:58:333,48.43,361
35698333,9:54:58:333,48.43,100
35698333,9:54:58:333,48.43,239
35698333,9:54:58:333,48.44,100
35698333,9:54:58:333,48.43,300
35698334,9:54:58:334,48.43,61
35698334,9:54:58:334,48.43,100
35698334,9:54:58:334,48.43,100
35698334,9:54:58:334,48.43,100
35698334,9:54:58:334,48.43,100
35698334,9:54:58:334,48.43,100
35698334,9:54:58:334,48.46,100
35698334,9:54:58:334,48.47,100
35698334,9:54:58:334,48.48,43
35698334,9:54:58:334,48.48,370
35698335,9:54:58:335,48.455,100
35698335,9:54:58:335,48.465,100
35698335,9:54:58:335,48.465,100
35698377,9:54:58:377,48.46,100
35704118,9:55:4:118,48.5,100
35705088,9:55:5:88,48.49,100
35706215,9:55:6:215,48.45,200
35707248,9:55:7:248,48.45,200
35709233,9:55:9:233,48.45,200
35709233,9:55:9:233,48.45,100
35709233,9:55:9:233,48.45,100
35709234,9:55:9:234,48.45,100
35709234,9:55:9:234,48.45,100
35709234,9:55:9:234,48.45,200
35709234,9:55:9:234,48.45,100
35709354,9:55:9:354,48.43,100
35709354,9:55:9:354,48.43,100
35709355,9:55:9:355,48.43,100
35709355,9:55:9:355,48.43,34
35709358,9:55:9:358,48.44,100
35709362,9:55:9:362,48.4426,164
35709387,9:55:9:387,48.43,100
35709474,9:55:9:474,48.43,100
35709474,9:55:9:474,48.42,200
35709475,9:55:9:475,48.42,100
35709475,9:55:9:475,48.42,100
35709890,9:55:9:890,48.41,100
35709890,9:55:9:890,48.41,100
35709890,9:55:9:890,48.41,100
35709890,9:55:9:890,48.4,300
35709891,9:55:9:891,48.4,100
35709891,9:55:9:891,48.4,76
35709891,9:55:9:891,48.4,24
35709891,9:55:9:891,48.39,57
35709891,9:55:9:891,48.39,5
35709894,9:55:9:894,48.39,38
35713998,9:55:13:998,48.39,83
35713998,9:55:13:998,48.39,100
35713998,9:55:13:998,48.39,33
35713998,9:55:13:998,48.39,67
35713998,9:55:13:998,48.39,17
35713999,9:55:13:999,48.38,33
35713999,9:55:13:999,48.38,67
35713999,9:55:13:999,48.38,100
35713999,9:55:13:999,48.38,100
35713999,9:55:13:999,48.4,100
35714001,9:55:14:1,48.38,100
35714002,9:55:14:2,48.38,33
35715430,9:55:15:430,48.38,100
35715430,9:55:15:430,48.38,200
35715430,9:55:15:430,48.38,100
35715432,9:55:15:432,48.39,100
35715432,9:55:15:432,48.39,100
35715432,9:55:15:432,48.39,100
35715432,9:55:15:432,48.39,200
35715432,9:55:15:432,48.39,100
35715435,9:55:15:435,48.4,200
35715438,9:55:15:438,48.41,200
35715440,9:55:15:440,48.42,300
35715441,9:55:15:441,48.42,100
35715441,9:55:15:441,48.42,100
35715443,9:55:15:443,48.42,100
35715456,9:55:15:456,48.39,100
35718378,9:55:18:378,48.42,400
35718383,9:55:18:383,48.42,800
35718388,9:55:18:388,48.42,200
35718389,9:55:18:389,48.42,300
35718391,9:55:18:391,48.43,100
35718391,9:55:18:391,48.43,200
35718393,9:55:18:393,48.44,100
35718395,9:55:18:395,48.45,100
35718397,9:55:18:397,48.46,100
35718399,9:55:18:399,48.46,100
35718399,9:55:18:399,48.47,100
35718399,9:55:18:399,48.47,600
35718406,9:55:18:406,48.47,100
35718408,9:55:18:408,48.47,931
35718408,9:55:18:408,48.47,869
35718409,9:55:18:409,48.47,100
35718409,9:55:18:409,48.47,100
35718409,9:55:18:409,48.47,59
35718409,9:55:18:409,48.47,100
35718409,9:55:18:409,48.47,100
35718409,9:55:18:409,48.47,100
35718409,9:55:18:409,48.47,10
35718409,9:55:18:409,48.47,100
35718409,9:55:18:409,48.47,100
35718409,9:55:18:409,48.47,90
35718409,9:55:18:409,48.43,200
35718533,9:55:18:533,48.47,400
35718533,9:55:18:533,48.47,100
35718568,9:55:18:568,48.47,200
35718623,9:55:18:623,48.47,100
35718624,9:55:18:624,48.47,300
35718626,9:55:18:626,48.47,300
35718660,9:55:18:660,48.47,300
35718689,9:55:18:689,48.47,400
35718808,9:55:18:808,48.47,300
35718838,9:55:18:838,48.47,400
35721892,9:55:21:892,48.46,300
35721908,9:55:21:908,48.46,400
35721909,9:55:21:909,48.46,100
35721909,9:55:21:909,48.46,16
35721921,9:55:21:921,48.47,100
35721922,9:55:21:922,48.46,84
35721923,9:55:21:923,48.48,200
35721924,9:55:21:924,48.48,100
35721925,9:55:21:925,48.48,100
35722236,9:55:22:236,48.45,100
35722549,9:55:22:549,48.48,300
35722551,9:55:22:551,48.48,300
35723077,9:55:23:77,48.48,100
35723079,9:55:23:79,48.49,300
35723079,9:55:23:79,48.49,100
35724443,9:55:24:443,48.4767,2500
35724444,9:55:24:444,48.49,100
35724444,9:55:24:444,48.5,100
35724450,9:55:24:450,48.5,100
35724450,9:55:24:450,48.5,100
35724450,9:55:24:450,48.5,4
35724450,9:55:24:450,48.5,100
35724450,9:55:24:450,48.5,53
35724451,9:55:24:451,48.51,100
35724451,9:55:24:451,48.51,92
35724452,9:55:24:452,48.52,100
35724457,9:55:24:457,48.52,100
35724457,9:55:24:457,48.52,100
35724462,9:55:24:462,48.5,300
35724471,9:55:24:471,48.53,100
35724471,9:55:24:471,48.53,100
35724472,9:55:24:472,48.53,100
35724472,9:55:24:472,48.53,200
35724473,9:55:24:473,48.53,300
35724488,9:55:24:488,48.54,100
35724488,9:55:24:488,48.54,100
35724488,9:55:24:488,48.54,100
35724494,9:55:24:494,48.54,72
35724495,9:55:24:495,48.54,128
35724497,9:55:24:497,48.51,609
35724498,9:55:24:498,48.5,100
35724498,9:55:24:498,48.5,100
35724774,9:55:24:774,48.48,200
35724774,9:55:24:774,48.48,300
35724774,9:55:24:774,48.48,300
35724774,9:55:24:774,48.48,100
35724774,9:55:24:774,48.48,100
35725828,9:55:25:828,48.48,100
35725831,9:55:25:831,48.4895,100
35725874,9:55:25:874,48.49,200
35725874,9:55:25:874,48.49,200
35726507,9:55:26:507,48.49,100
35726509,9:55:26:509,48.48,100
35726522,9:55:26:522,48.48,50
35726529,9:55:26:529,48.47,100
35726674,9:55:26:674,48.48,100
35726780,9:55:26:780,48.46,100
35726911,9:55:26:911,48.48,100
35726912,9:55:26:912,48.49,100
35727080,9:55:27:80,48.51,100
35727081,9:55:27:81,48.51,100
35727081,9:55:27:81,48.52,100
35727084,9:55:27:84,48.51,100
35727085,9:55:27:85,48.52,100
35727261,9:55:27:261,48.51,100
35727261,9:55:27:261,48.51,100
35727263,9:55:27:263,48.51,200
35727264,9:55:27:264,48.51,100
35727267,9:55:27:267,48.52,100
35727268,9:55:27:268,48.52,100
35727268,9:55:27:268,48.51,100
35727269,9:55:27:269,48.51,100
35727269,9:55:27:269,48.51,100
35727399,9:55:27:399,48.52,100
35727400,9:55:27:400,48.52,200
35727400,9:55:27:400,48.52,100
35727400,9:55:27:400,48.52,100
35727400,9:55:27:400,48.52,100
35727401,9:55:27:401,48.52,100
35727402,9:55:27:402,48.52,100
35727402,9:55:27:402,48.53,50
35727402,9:55:27:402,48.53,100
35727404,9:55:27:404,48.53,100
35727405,9:55:27:405,48.53,100
35727405,9:55:27:405,48.53,100
35727405,9:55:27:405,48.53,100
35727405,9:55:27:405,48.53,10
35727456,9:55:27:456,48.53,100
35727459,9:55:27:459,48.54,100
35727558,9:55:27:558,48.55,100
35727559,9:55:27:559,48.55,50
35727559,9:55:27:559,48.55,400
35727559,9:55:27:559,48.55,150
35727559,9:55:27:559,48.56,100
35727559,9:55:27:559,48.56,50
35727559,9:55:27:559,48.56,12
35727559,9:55:27:559,48.56,100
35727561,9:55:27:561,48.56,100
35727573,9:55:27:573,48.56,1000
35727600,9:55:27:600,48.58,100
35727641,9:55:27:641,48.57,100
35727642,9:55:27:642,48.56,75
35727642,9:55:27:642,48.56,225
35728405,9:55:28:405,48.57,300
35728406,9:55:28:406,48.57,100
35728406,9:55:28:406,48.57,300
35728411,9:55:28:411,48.57,200
35728411,9:55:28:411,48.56,100
35728812,9:55:28:812,48.56,300
35728814,9:55:28:814,48.56,400
35728815,9:55:28:815,48.56,300
35729312,9:55:29:312,48.57,100
35729313,9:55:29:313,48.57,100
35729314,9:55:29:314,48.58,100
35729314,9:55:29:314,48.58,200
35729550,9:55:29:550,48.58,200
35729550,9:55:29:550,48.58,234
35729550,9:55:29:550,48.58,100
35729550,9:55:29:550,48.58,66
35729550,9:55:29:550,48.58,100
35729551,9:55:29:551,48.58,100
35729551,9:55:29:551,48.58,100
35729553,9:55:29:553,48.58,200
35730424,9:55:30:424,48.58,500
35730428,9:55:30:428,48.58,100
35730438,9:55:30:438,48.58,10
35730439,9:55:30:439,48.59,490
35730442,9:55:30:442,48.59,10
35730574,9:55:30:574,48.59,100
35730574,9:55:30:574,48.59,62
35730574,9:55:30:574,48.59,38
35730575,9:55:30:575,48.59,162
35730576,9:55:30:576,48.59,100
35730576,9:55:30:576,48.59,100
35730576,9:55:30:576,48.59,100
35730576,9:55:30:576,48.59,100
35730577,9:55:30:577,48.59,100
35730577,9:55:30:577,48.59,100
35730578,9:55:30:578,48.59,100
35730603,9:55:30:603,48.6,200
35730604,9:55:30:604,48.6,94
35730629,9:55:30:629,48.61,100
35730630,9:55:30:630,48.61,100
35730630,9:55:30:630,48.61,100
35730630,9:55:30:630,48.61,100
35730631,9:55:30:631,48.61,100
35730631,9:55:30:631,48.61,100
35730631,9:55:30:631,48.61,100
35730631,9:55:30:631,48.61,100
35730631,9:55:30:631,48.61,100
35730631,9:55:30:631,48.61,100
35730631,9:55:30:631,48.61,100
35730652,9:55:30:652,48.6193,53
35730671,9:55:30:671,48.62,100
35730733,9:55:30:733,48.6099,100
35730733,9:55:30:733,48.6099,4900
35730739,9:55:30:739,48.58,100
35730739,9:55:30:739,48.58,100
35730814,9:55:30:814,48.61,100
35731397,9:55:31:397,48.6,200
35731401,9:55:31:401,48.62,100
35731402,9:55:31:402,48.62,300
35731402,9:55:31:402,48.62,700
35731439,9:55:31:439,48.62,100
35731578,9:55:31:578,48.63,500
35732141,9:55:32:141,48.63,100
35733042,9:55:33:42,48.63,200
35733042,9:55:33:42,48.63,200
35733043,9:55:33:43,48.63,100
35733043,9:55:33:43,48.63,16
35733043,9:55:33:43,48.63,16
35733049,9:55:33:49,48.64,500
35733051,9:55:33:51,48.64,100
35733051,9:55:33:51,48.64,100
35733052,9:55:33:52,48.62,200
35733053,9:55:33:53,48.65,100
35733054,9:55:33:54,48.66,2100
35733055,9:55:33:55,48.66,380
35733066,9:55:33:66,48.67,125
35733290,9:55:33:290,48.67,500
35733314,9:55:33:314,48.67,1000
35733316,9:55:33:316,48.67,100
35733322,9:55:33:322,48.68,100
35733322,9:55:33:322,48.69,600
35733330,9:55:33:330,48.68,100
35733332,9:55:33:332,48.69,100
35733448,9:55:33:448,48.72,20
35733458,9:55:33:458,48.655,115
35734585,9:55:34:585,48.7251,50
35735123,9:55:35:123,48.67,50
35735123,9:55:35:123,48.66,200
35735123,9:55:35:123,48.66,800
35735123,9:55:35:123,48.66,200
35735123,9:55:35:123,48.66,300
35735123,9:55:35:123,48.66,500
35735123,9:55:35:123,48.66,38
35735124,9:55:35:124,48.66,100
35735124,9:55:35:124,48.66,300
35735124,9:55:35:124,48.66,62
35735124,9:55:35:124,48.65,100
35735125,9:55:35:125,48.66,100
35735125,9:55:35:125,48.66,100
35735125,9:55:35:125,48.66,100
35735125,9:55:35:125,48.66,100
35735133,9:55:35:133,48.69,100
35735133,9:55:35:133,48.69,100
35735135,9:55:35:135,48.7,200
35735138,9:55:35:138,48.68,100
35735139,9:55:35:139,48.7,100
35735450,9:55:35:450,48.67,300
35735452,9:55:35:452,48.67,300
35735499,9:55:35:499,48.67,400
35736287,9:55:36:287,48.67,103
35736287,9:55:36:287,48.66,103
35736288,9:55:36:288,48.67,100
35736288,9:55:36:288,48.67,200
35736288,9:55:36:288,48.67,100
35736288,9:55:36:288,48.67,100
35736290,9:55:36:290,48.66,97
35736290,9:55:36:290,48.66,200
35736290,9:55:36:290,48.66,103
35736290,9:55:36:290,48.66,97
35736290,9:55:36:290,48.66,100
35736290,9:55:36:290,48.66,400
35736290,9:55:36:290,48.66,200
35736299,9:55:36:299,48.63,100
35736408,9:55:36:408,48.65,400
35737036,9:55:37:36,48.59,100
35738190,9:55:38:190,48.62,400
35740119,9:55:40:119,48.62,300
35740124,9:55:40:124,48.62,200
35740124,9:55:40:124,48.62,100
35740124,9:55:40:124,48.62,2800
35740125,9:55:40:125,48.62,450
35740125,9:55:40:125,48.63,100
35740126,9:55:40:126,48.65,280
35740128,9:55:40:128,48.65,100
35740132,9:55:40:132,48.65,100
35740133,9:55:40:133,48.65,100
35740140,9:55:40:140,48.68,100
35740140,9:55:40:140,48.68,100
35740140,9:55:40:140,48.69,1000
35740141,9:55:40:141,48.69,100
35740141,9:55:40:141,48.69,100
35740141,9:55:40:141,48.69,1000
35740141,9:55:40:141,48.69,1000
35740142,9:55:40:142,48.7,7
35740143,9:55:40:143,48.7,7
35740143,9:55:40:143,48.7,100
35740143,9:55:40:143,48.7,151
35740143,9:55:40:143,48.7,149
35740143,9:55:40:143,48.7,93
35740144,9:55:40:144,48.7,93
35740148,9:55:40:148,48.7,300
35740148,9:55:40:148,48.69,100
35740148,9:55:40:148,48.7,70
35740268,9:55:40:268,48.655,500
35740536,9:55:40:536,48.7,400
35740967,9:55:40:967,48.7,100
35740972,9:55:40:972,48.7,100
35740972,9:55:40:972,48.7,100
35741021,9:55:41:21,48.7,500
35741023,9:55:41:23,48.7,400
35741026,9:55:41:26,48.7,100
35741030,9:55:41:30,48.7,400
35741039,9:55:41:39,48.7,100
35747919,9:55:47:919,48.66,62
35747919,9:55:47:919,48.67,100
35747919,9:55:47:919,48.67,100
35747919,9:55:47:919,48.67,38
35747919,9:55:47:919,48.67,300
35748817,9:55:48:817,48.63,200
35748817,9:55:48:817,48.62,100
35748817,9:55:48:817,48.63,100
35748817,9:55:48:817,48.63,100
35748817,9:55:48:817,48.63,100
35748817,9:55:48:817,48.63,100
35748819,9:55:48:819,48.63,100
35748820,9:55:48:820,48.62,300
35748820,9:55:48:820,48.62,100
35748820,9:55:48:820,48.62,100
35748830,9:55:48:830,48.62,100
35748830,9:55:48:830,48.62,100
35748830,9:55:48:830,48.62,100
35748830,9:55:48:830,48.62,100
35748830,9:55:48:830,48.62,100
35748883,9:55:48:883,48.68,200
35748884,9:55:48:884,48.68,200
35748884,9:55:48:884,48.68,100
35748885,9:55:48:885,48.67,100
35749006,9:55:49:6,48.625,100
35752265,9:55:52:265,48.6665,60
35752422,9:55:52:422,48.63,100
35752422,9:55:52:422,48.63,100
35752422,9:55:52:422,48.62,100
35752422,9:55:52:422,48.62,300
35752422,9:55:52:422,48.62,150
35752422,9:55:52:422,48.62,100
35752422,9:55:52:422,48.62,150
35752422,9:55:52:422,48.63,62
35752422,9:55:52:422,48.63,38
35752422,9:55:52:422,48.63,100
35752422,9:55:52:422,48.62,262
35752422,9:55:52:422,48.63,100
35752422,9:55:52:422,48.62,100
35752422,9:55:52:422,48.62,200
35752422,9:55:52:422,48.62,100
35752422,9:55:52:422,48.62,100
35752422,9:55:52:422,48.62,38
35752423,9:55:52:423,48.63,100
35752428,9:55:52:428,48.62,100
35752442,9:55:52:442,48.6,500
35752454,9:55:52:454,48.6,200
35752759,9:55:52:759,48.63,100
35752759,9:55:52:759,48.64,300
35753734,9:55:53:734,48.66,100
35753739,9:55:53:739,48.67,400
35753788,9:55:53:788,48.65,300
35753789,9:55:53:789,48.65,300
35754425,9:55:54:425,48.67,100
35754425,9:55:54:425,48.68,199
35754425,9:55:54:425,48.67,100
35754426,9:55:54:426,48.68,101
35754643,9:55:54:643,48.69,100
35754643,9:55:54:643,48.69,100
35754644,9:55:54:644,48.67,200
35756724,9:55:56:724,48.66,100
35756726,9:55:56:726,48.67,100
35756726,9:55:56:726,48.67,100
35756727,9:55:56:727,48.68,100
35756728,9:55:56:728,48.69,100
35756729,9:55:56:729,48.67,300
35756730,9:55:56:730,48.67,100
35757016,9:55:57:16,48.68,100
35757016,9:55:57:16,48.69,100
35757019,9:55:57:19,48.68,100
35757019,9:55:57:19,48.69,100
35757019,9:55:57:19,48.68,100
35757019,9:55:57:19,48.69,100
35757019,9:55:57:19,48.69,100
35757019,9:55:57:19,48.69,100
35757019,9:55:57:19,48.67,200
35757019,9:55:57:19,48.67,300
35757021,9:55:57:21,48.67,200
35757021,9:55:57:21,48.6899,100
35757021,9:55:57:21,48.67,287
35757021,9:55:57:21,48.69,200
35757023,9:55:57:23,48.69,100
35757027,9:55:57:27,48.7,813
35758833,9:55:58:833,48.69,100
35758836,9:55:58:836,48.7,200
35758836,9:55:58:836,48.7,400
35758839,9:55:58:839,48.71,100
35758839,9:55:58:839,48.71,100
35758843,9:55:58:843,48.72,100
35758845,9:55:58:845,48.74,100
35758846,9:55:58:846,48.73,100
35758847,9:55:58:847,48.7214,100
35758850,9:55:58:850,48.6903,100
35758850,9:55:58:850,48.6903,1800
35759449,9:55:59:449,48.73,300
35759469,9:55:59:469,48.73,100
35759469,9:55:59:469,48.74,100
35759469,9:55:59:469,48.74,100
35759526,9:55:59:526,48.74,100
35759526,9:55:59:526,48.74,100
35759527,9:55:59:527,48.74,100
35759527,9:55:59:527,48.74,100
35759527,9:55:59:527,48.74,100
35759527,9:55:59:527,48.74,100
35759528,9:55:59:528,48.74,200
35759529,9:55:59:529,48.74,200
35759537,9:55:59:537,48.74,100
35759537,9:55:59:537,48.74,100
35760244,9:56:0:244,48.73,100
35760244,9:56:0:244,48.74,100
35760244,9:56:0:244,48.74,100
35760246,9:56:0:246,48.75,100
35760246,9:56:0:246,48.73,100
35760246,9:56:0:246,48.75,600
35760247,9:56:0:247,48.75,196
35760249,9:56:0:249,48.75,85
35760249,9:56:0:249,48.76,15
35760249,9:56:0:249,48.76,400
35760252,9:56:0:252,48.77,100
35760252,9:56:0:252,48.77,500
35760252,9:56:0:252,48.76,85
35760252,9:56:0:252,48.75,100
35760254,9:56:0:254,48.77,100
35760255,9:56:0:255,48.76,4
35760283,9:56:0:283,48.74,100
35760464,9:56:0:464,48.77,100
35760465,9:56:0:465,48.77,200
35760466,9:56:0:466,48.77,100
35760466,9:56:0:466,48.77,100
35760608,9:56:0:608,48.7699,1000
35760615,9:56:0:615,48.7466,1000
35761260,9:56:1:260,48.73,100
35761260,9:56:1:260,48.72,100
35761260,9:56:1:260,48.72,100
35761418,9:56:1:418,48.721,5000
35761471,9:56:1:471,48.76,100
35761473,9:56:1:473,48.76,600
35761475,9:56:1:475,48.76,500
35761605,9:56:1:605,48.725,1000
35761693,9:56:1:693,48.76,600
35761693,9:56:1:693,48.76,60
35761764,9:56:1:764,48.75,100
35761765,9:56:1:765,48.75,100
35761765,9:56:1:765,48.76,200
35761765,9:56:1:765,48.75,100
35761765,9:56:1:765,48.76,100
35761765,9:56:1:765,48.76,100
35761765,9:56:1:765,48.77,138
35762481,9:56:2:481,48.76,100
35762482,9:56:2:482,48.76,200
35762482,9:56:2:482,48.76,100
35762482,9:56:2:482,48.76,200
35763877,9:56:3:877,48.7599,600
35763894,9:56:3:894,48.7599,1000
35764555,9:56:4:555,48.76,200
35764555,9:56:4:555,48.75,100
35764556,9:56:4:556,48.76,100
35764557,9:56:4:557,48.76,100
35764561,9:56:4:561,48.77,100
35764562,9:56:4:562,48.75,500
35765024,9:56:5:24,48.73,100
35765024,9:56:5:24,48.74,100
35765025,9:56:5:25,48.73,200
35765025,9:56:5:25,48.73,16
35765025,9:56:5:25,48.73,200
35765025,9:56:5:25,48.73,100
35765030,9:56:5:30,48.73,400
35765400,9:56:5:400,48.77,100
35765401,9:56:5:401,48.76,100
35765401,9:56:5:401,48.77,100
35765401,9:56:5:401,48.77,100
35765402,9:56:5:402,48.77,100
35765804,9:56:5:804,48.77,1500
35765805,9:56:5:805,48.77,300
35765805,9:56:5:805,48.76,1200
35765805,9:56:5:805,48.76,300
35765858,9:56:5:858,48.73,400
35766406,9:56:6:406,48.78,200
35766406,9:56:6:406,48.78,100
35766407,9:56:6:407,48.78,100
35766407,9:56:6:407,48.78,200
35767463,9:56:7:463,48.75,100
35767463,9:56:7:463,48.75,100
35768344,9:56:8:344,48.78,100
35768345,9:56:8:345,48.78,200
35768345,9:56:8:345,48.78,100
35768346,9:56:8:346,48.78,100
35768346,9:56:8:346,48.78,100
35768551,9:56:8:551,48.75,400
35769043,9:56:9:43,48.78,100
35769049,9:56:9:49,48.79,200
35769049,9:56:9:49,48.79,200
35769605,9:56:9:605,48.76,100
35769605,9:56:9:605,48.75,200
35769605,9:56:9:605,48.75,200
35769606,9:56:9:606,48.75,100
35769606,9:56:9:606,48.76,100
35769607,9:56:9:607,48.75,100
35769609,9:56:9:609,48.74,100
35769609,9:56:9:609,48.74,200
35769609,9:56:9:609,48.74,200
35769609,9:56:9:609,48.745,300
35769609,9:56:9:609,48.74,100
35769609,9:56:9:609,48.74,100
35769609,9:56:9:609,48.74,200
35769609,9:56:9:609,48.74,100
35769609,9:56:9:609,48.74,100
35769609,9:56:9:609,48.74,200
35770025,9:56:10:25,48.75,200
35770025,9:56:10:25,48.75,400
35770031,9:56:10:31,48.75,400
35770912,9:56:10:912,48.72,100
35770912,9:56:10:912,48.72,100
35770914,9:56:10:914,48.7,100
35770914,9:56:10:914,48.7,100
35770914,9:56:10:914,48.7,200
35770914,9:56:10:914,48.7,100
35770915,9:56:10:915,48.7,100
35770915,9:56:10:915,48.7,100
35770915,9:56:10:915,48.7,100
35770915,9:56:10:915,48.7,100
35770915,9:56:10:915,48.7,100
35770915,9:56:10:915,48.71,80
35770968,9:56:10:968,48.76,100
35770968,9:56:10:968,48.76,100
35770968,9:56:10:968,48.79,100
35770968,9:56:10:968,48.76,100
35770968,9:56:10:968,48.71,200
35770969,9:56:10:969,48.72,100
35770969,9:56:10:969,48.77,100
35770969,9:56:10:969,48.78,300
35770969,9:56:10:969,48.79,100
35770969,9:56:10:969,48.8,260
35770969,9:56:10:969,48.82,100
35770969,9:56:10:969,48.71,100
35770969,9:56:10:969,48.71,100
35770969,9:56:10:969,48.71,50
35770969,9:56:10:969,48.75,100
35770969,9:56:10:969,48.78,100
35770969,9:56:10:969,48.78,100
35770969,9:56:10:969,48.79,100
35770969,9:56:10:969,48.79,53
35770969,9:56:10:969,48.79,812
35770969,9:56:10:969,48.8,100
35770969,9:56:10:969,48.8,100
35770969,9:56:10:969,48.8,100
35770969,9:56:10:969,48.8,92
35770969,9:56:10:969,48.79,100
35770969,9:56:10:969,48.7,100
35770969,9:56:10:969,48.7,100
35770970,9:56:10:970,48.72,50
35770970,9:56:10:970,48.72,50
35771279,9:56:11:279,48.76,100
35771280,9:56:11:280,48.76,100
35772304,9:56:12:304,48.75,100
35772304,9:56:12:304,48.75,60
35772304,9:56:12:304,48.75,40
35772304,9:56:12:304,48.75,50
35772569,9:56:12:569,48.765,200
35772569,9:56:12:569,48.75,100
35772569,9:56:12:569,48.765,200
35772569,9:56:12:569,48.75,60
35772826,9:56:12:826,48.765,200
35773034,9:56:13:34,48.75,183
35773034,9:56:13:34,48.75,17
35773186,9:56:13:186,48.72,100
35773186,9:56:13:186,48.72,100
35773186,9:56:13:186,48.72,100
35773187,9:56:13:187,48.745,40
35773364,9:56:13:364,48.735,800
35773364,9:56:13:364,48.735,400
35773812,9:56:13:812,48.7,200
35773813,9:56:13:813,48.73,200
35773813,9:56:13:813,48.73,200
35773813,9:56:13:813,48.73,200
35773813,9:56:13:813,48.73,200
35773813,9:56:13:813,48.73,100
35773813,9:56:13:813,48.69,100
35773813,9:56:13:813,48.7,100
35773813,9:56:13:813,48.7,100
35773813,9:56:13:813,48.7,100
35773814,9:56:13:814,48.7,100
35773815,9:56:13:815,48.7,100
35773816,9:56:13:816,48.69,50
35773816,9:56:13:816,48.69,3
35773825,9:56:13:825,48.7,300
35773825,9:56:13:825,48.7,100
35775099,9:56:15:99,48.7,400
35775904,9:56:15:904,48.7,300
35777767,9:56:17:767,48.71,100
35777897,9:56:17:897,48.73,100
35778455,9:56:18:455,48.73,100
35778592,9:56:18:592,48.73,100
35778623,9:56:18:623,48.74,100
35778627,9:56:18:627,48.74,100
35778686,9:56:18:686,48.74,100
35779229,9:56:19:229,48.74,200
35779229,9:56:19:229,48.74,100
35779230,9:56:19:230,48.75,100
35779232,9:56:19:232,48.77,200
35779284,9:56:19:284,48.77,100
35779347,9:56:19:347,48.77,100
35779402,9:56:19:402,48.77,100
35779417,9:56:19:417,48.77,100
35779418,9:56:19:418,48.78,100
35779420,9:56:19:420,48.78,100
35779752,9:56:19:752,48.77,100
35779816,9:56:19:816,48.77,100
35779831,9:56:19:831,48.77,100
35779850,9:56:19:850,48.78,100
35779850,9:56:19:850,48.77,100
35779932,9:56:19:932,48.78,300
35779934,9:56:19:934,48.78,200
35779937,9:56:19:937,48.78,100
35780330,9:56:20:330,48.78,200
35780820,9:56:20:820,48.72,300
35781353,9:56:21:353,48.78,100
35781726,9:56:21:726,48.78,100
35781726,9:56:21:726,48.78,100
35781727,9:56:21:727,48.78,100
35781728,9:56:21:728,48.78,100
35781730,9:56:21:730,48.8,200
35781730,9:56:21:730,48.8,100
35781730,9:56:21:730,48.79,50
35781730,9:56:21:730,48.8,161
35781731,9:56:21:731,48.79,100
35781731,9:56:21:731,48.79,100
35781733,9:56:21:733,48.81,100
35781733,9:56:21:733,48.81,39
35782130,9:56:22:130,48.8,100
35782134,9:56:22:134,48.8,100
35782134,9:56:22:134,48.81,161
35782138,9:56:22:138,48.82,100
35782139,9:56:22:139,48.83,200
35782139,9:56:22:139,48.82,39
35782139,9:56:22:139,48.83,100
35782139,9:56:22:139,48.83,100
35782139,9:56:22:139,48.83,100
35782139,9:56:22:139,48.82,200
35782139,9:56:22:139,48.83,100
35782140,9:56:22:140,48.8,100
35782140,9:56:22:140,48.82,100
35782140,9:56:22:140,48.82,100
35782140,9:56:22:140,48.82,100
35782140,9:56:22:140,48.82,100
35782140,9:56:22:140,48.82,100
35782140,9:56:22:140,48.82,83
35782140,9:56:22:140,48.82,17
35782141,9:56:22:141,48.83,100
35782141,9:56:22:141,48.83,100
35782141,9:56:22:141,48.83,100
35782634,9:56:22:634,48.83,500
35782835,9:56:22:835,48.82,400
35782837,9:56:22:837,48.82,300
35783000,9:56:23:0,48.79,1000
35783594,9:56:23:594,48.79,300
35783881,9:56:23:881,48.79,1000
35784045,9:56:24:45,48.76,300
35784788,9:56:24:788,48.82,100
35784788,9:56:24:788,48.81,100
35784789,9:56:24:789,48.82,100
35784790,9:56:24:790,48.82,200
35784794,9:56:24:794,48.82,100
35784845,9:56:24:845,48.82,100
35784850,9:56:24:850,48.83,400
35785230,9:56:25:230,48.83,200
35785230,9:56:25:230,48.83,100
35785230,9:56:25:230,48.84,100
35785230,9:56:25:230,48.8,100
35785230,9:56:25:230,48.83,100
35785291,9:56:25:291,48.8123,5
35785920,9:56:25:920,48.82,100
35785920,9:56:25:920,48.82,100
35785924,9:56:25:924,48.83,100
35785924,9:56:25:924,48.84,100
35789951,9:56:29:951,48.77,300
35790203,9:56:30:203,48.81,100
35790204,9:56:30:204,48.81,300
35790205,9:56:30:205,48.84,100
35790205,9:56:30:205,48.82,200
35790205,9:56:30:205,48.82,200
35790206,9:56:30:206,48.81,600
35790207,9:56:30:207,48.84,200
35790210,9:56:30:210,48.84,100
35790505,9:56:30:505,48.84,100
35790507,9:56:30:507,48.84,100
35790509,9:56:30:509,48.84,200
35790509,9:56:30:509,48.84,200
35790510,9:56:30:510,48.84,100
35790814,9:56:30:814,48.8015,300
35792396,9:56:32:396,48.78,100
35792398,9:56:32:398,48.7701,100
35792400,9:56:32:400,48.77,100
35792879,9:56:32:879,48.8054,5000
35793444,9:56:33:444,48.84,100
35793445,9:56:33:445,48.84,400
35793447,9:56:33:447,48.84,300
35793450,9:56:33:450,48.84,100
35793598,9:56:33:598,48.8127,2500
35794029,9:56:34:29,48.78,50
35794213,9:56:34:213,48.7948,30
35794214,9:56:34:214,48.78,100
35794214,9:56:34:214,48.78,100
35794214,9:56:34:214,48.77,100
35794214,9:56:34:214,48.78,200
35794214,9:56:34:214,48.78,100
35794214,9:56:34:214,48.78,100
35794214,9:56:34:214,48.78,100
35794214,9:56:34:214,48.78,100
35794214,9:56:34:214,48.77,100
35794214,9:56:34:214,48.77,200
35794214,9:56:34:214,48.77,200
35794214,9:56:34:214,48.77,3
35794214,9:56:34:214,48.78,100
35794214,9:56:34:214,48.78,100
35794215,9:56:34:215,48.77,100
35794215,9:56:34:215,48.77,100
35794215,9:56:34:215,48.77,200
35794215,9:56:34:215,48.77,97
35794215,9:56:34:215,48.77,200
35794215,9:56:34:215,48.77,100
35794215,9:56:34:215,48.77,100
35794215,9:56:34:215,48.77,200
35795798,9:56:35:798,48.74,100
35795799,9:56:35:799,48.74,100
35796487,9:56:36:487,48.74,100
35796733,9:56:36:733,48.8,100
35796742,9:56:36:742,48.8,100
35796745,9:56:36:745,48.79,100
35796745,9:56:36:745,48.8,100
35796897,9:56:36:897,48.795,100
35797900,9:56:37:900,48.76,100
35798447,9:56:38:447,48.74,300
35799213,9:56:39:213,48.74,300
35799497,9:56:39:497,48.785,100
35799498,9:56:39:498,48.7701,100
35800220,9:56:40:220,48.77,100
35800220,9:56:40:220,48.77,100
35800457,9:56:40:457,48.7603,100
35800644,9:56:40:644,48.76,100
35800644,9:56:40:644,48.76,100
35800644,9:56:40:644,48.76,100
35800644,9:56:40:644,48.76,200
35800644,9:56:40:644,48.76,1
35800644,9:56:40:644,48.76,100
35800645,9:56:40:645,48.76,200
35800645,9:56:40:645,48.76,100
35800645,9:56:40:645,48.76,100
35800645,9:56:40:645,48.76,4
35801032,9:56:41:32,48.7699,2000
35801039,9:56:41:39,48.759,2000
35801116,9:56:41:116,48.74,500
35801121,9:56:41:121,48.73,200
35801123,9:56:41:123,48.73,800
35801124,9:56:41:124,48.75,4
35801494,9:56:41:494,48.74,100
35801494,9:56:41:494,48.74,100
35801494,9:56:41:494,48.73,100
35801494,9:56:41:494,48.73,300
35801494,9:56:41:494,48.73,200
35801494,9:56:41:494,48.74,100
35801494,9:56:41:494,48.73,100
35801494,9:56:41:494,48.74,100
35801494,9:56:41:494,48.73,200
35801494,9:56:41:494,48.74,100
35801494,9:56:41:494,48.73,100
35801494,9:56:41:494,48.73,100
35801494,9:56:41:494,48.73,100
35801494,9:56:41:494,48.73,100
35802121,9:56:42:121,48.75,200
35802121,9:56:42:121,48.75,100
35802222,9:56:42:222,48.75,300
35802222,9:56:42:222,48.75,200
35802223,9:56:42:223,48.75,2200
35802223,9:56:42:223,48.75,200
35802230,9:56:42:230,48.75,6
35802283,9:56:42:283,48.74,500
35802324,9:56:42:324,48.775,100
35802344,9:56:42:344,48.74,200
35802417,9:56:42:417,48.74,600
35802418,9:56:42:418,48.74,200
35802418,9:56:42:418,48.74,100
35803762,9:56:43:762,48.79,100
35803763,9:56:43:763,48.79,100
35803802,9:56:43:802,48.79,100
35809671,9:56:49:671,48.74,300
35809756,9:56:49:756,48.74,300
35810943,9:56:50:943,48.74,300
35813510,9:56:53:510,48.77,100
35813510,9:56:53:510,48.76,100
35813511,9:56:53:511,48.7601,100
35813512,9:56:53:512,48.76,100
35813608,9:56:53:608,48.775,100
35813963,9:56:53:963,48.7405,200
35817794,9:56:57:794,48.775,1000
35818277,9:56:58:277,48.7899,25
35819514,9:56:59:514,48.6737,100
35820132,9:57:0:132,48.79,100
35820133,9:57:0:133,48.79,100
35820136,9:57:0:136,48.79,200
35820141,9:57:0:141,48.781,100
35820141,9:57:0:141,48.781,100
35820147,9:57:0:147,48.781,100
35820148,9:57:0:148,48.781,100
35820158,9:57:0:158,48.8,100
35820166,9:57:0:166,48.781,100
35820985,9:57:0:985,48.78,100
35820988,9:57:0:988,48.78,100
35820990,9:57:0:990,48.78,100
35821028,9:57:1:28,48.78,100
35821215,9:57:1:215,48.78,100
35821236,9:57:1:236,48.8,100
35821243,9:57:1:243,48.8,400
35821399,9:57:1:399,48.8,500
35821411,9:57:1:411,48.7975,6000
35822038,9:57:2:38,48.82,100
35822223,9:57:2:223,48.83,100
35822270,9:57:2:270,48.83,200
35822271,9:57:2:271,48.83,200
35822271,9:57:2:271,48.82,62
35822272,9:57:2:272,48.84,100
35822326,9:57:2:326,48.84,600
35822326,9:57:2:326,48.84,300
35822326,9:57:2:326,48.84,100
35822371,9:57:2:371,48.84,100
35822497,9:57:2:497,48.85,100
35822497,9:57:2:497,48.85,100
35822579,9:57:2:579,48.85,53
35822579,9:57:2:579,48.84,207
35822579,9:57:2:579,48.86,293
35822579,9:57:2:579,48.85,50
35823063,9:57:3:63,48.85,100
35823161,9:57:3:161,48.85,100
35823235,9:57:3:235,48.85,200
35823263,9:57:3:263,48.85,100
35823348,9:57:3:348,48.85,100
35823511,9:57:3:511,48.86,100
35823511,9:57:3:511,48.85,100
35823512,9:57:3:512,48.85,200
35823512,9:57:3:512,48.86,100
35823516,9:57:3:516,48.85,100
35823773,9:57:3:773,48.87,100
35824081,9:57:4:81,48.87,100
35824287,9:57:4:287,48.87,100
35824287,9:57:4:287,48.86,7
35824288,9:57:4:288,48.87,300
35824288,9:57:4:288,48.87,93
35824613,9:57:4:613,48.87,92
35824613,9:57:4:613,48.9,100
35824613,9:57:4:613,48.89,100
35824614,9:57:4:614,48.87,7
35824614,9:57:4:614,48.9,250
35824614,9:57:4:614,48.89,100
35824614,9:57:4:614,48.9,458
35824703,9:57:4:703,48.8531,100
35825897,9:57:5:897,48.85,100
35825897,9:57:5:897,48.84,900
35827293,9:57:7:293,48.8794,500
35827295,9:57:7:295,48.88,110
35827347,9:57:7:347,48.88,300
35827349,9:57:7:349,48.89,100
35827349,9:57:7:349,48.89,200
35827349,9:57:7:349,48.89,200
35827353,9:57:7:353,48.89,100
35827353,9:57:7:353,48.89,200
35827355,9:57:7:355,48.9,542
35827355,9:57:7:355,48.9,200
35827356,9:57:7:356,48.9,83
35827356,9:57:7:356,48.9,17
35827356,9:57:7:356,48.89,83
35827356,9:57:7:356,48.89,317
35827477,9:57:7:477,48.85,100
35827478,9:57:7:478,48.86,100
35827496,9:57:7:496,48.85,100
35827556,9:57:7:556,48.85,100
35827648,9:57:7:648,48.88,100
35827648,9:57:7:648,48.88,100
35827648,9:57:7:648,48.89,100
35827648,9:57:7:648,48.88,100
35828147,9:57:8:147,48.84,100
35828149,9:57:8:149,48.9,100
35828149,9:57:8:149,48.91,100
35828150,9:57:8:150,48.91,200
35828151,9:57:8:151,48.91,100
35828151,9:57:8:151,48.91,100
35828151,9:57:8:151,48.92,100
35828151,9:57:8:151,48.92,200
35828832,9:57:8:832,48.92,100
35828832,9:57:8:832,48.92,100
35828832,9:57:8:832,48.92,100
35829661,9:57:9:661,48.87,100
35829661,9:57:9:661,48.85,3
35829661,9:57:9:661,48.87,100
35829661,9:57:9:661,48.84,3
35830013,9:57:10:13,48.8822,500
35830962,9:57:10:962,48.92,200
35833441,9:57:13:441,48.8595,100
35833441,9:57:13:441,48.8587,400
35833572,9:57:13:572,48.83,100
35834268,9:57:14:268,48.83,100
35834884,9:57:14:884,48.85,50
35835220,9:57:15:220,48.84,900
35835220,9:57:15:220,48.83,100
35835220,9:57:15:220,48.82,208
35835220,9:57:15:220,48.83,100
35835220,9:57:15:220,48.82,200
35835220,9:57:15:220,48.83,100
35835220,9:57:15:220,48.83,100
35835220,9:57:15:220,48.83,100
35835221,9:57:15:221,48.83,100
35835232,9:57:15:232,48.85,100
35835232,9:57:15:232,48.86,200
35835399,9:57:15:399,48.88,100
35835399,9:57:15:399,48.94,140
35835400,9:57:15:400,48.87,100
35835400,9:57:15:400,48.87,100
35835400,9:57:15:400,48.88,100
35835400,9:57:15:400,48.9,200
35835400,9:57:15:400,48.9,260
35835401,9:57:15:401,48.9,100
35835402,9:57:15:402,48.9,100
35835873,9:57:15:873,48.9,200
35842161,9:57:22:161,48.83,300
35842184,9:57:22:184,48.87,200
35844623,9:57:24:623,48.84,1900
35845570,9:57:25:570,48.88,100
35845579,9:57:25:579,48.88,100
35845579,9:57:25:579,48.88,100
35845579,9:57:25:579,48.88,200
35845579,9:57:25:579,48.88,100
35845648,9:57:25:648,48.875,200
35845673,9:57:25:673,48.9,100
35846532,9:57:26:532,48.94,100
35846532,9:57:26:532,48.93,400
35846609,9:57:26:609,48.91,100
35846839,9:57:26:839,48.8601,19
35848952,9:57:28:952,48.93,242
35848978,9:57:28:978,48.93,242
35848978,9:57:28:978,48.93,34
35849074,9:57:29:74,48.93,100
35849916,9:57:29:916,48.9288,9000
35850422,9:57:30:422,48.94,100
35850427,9:57:30:427,48.94,100
35850428,9:57:30:428,48.94,100
35850429,9:57:30:429,48.94,146
35850468,9:57:30:468,48.94,100
35850468,9:57:30:468,48.94,100
35850468,9:57:30:468,48.94,100
35850468,9:57:30:468,48.94,100
35850468,9:57:30:468,48.94,100
35851656,9:57:31:656,48.9004,200
35851704,9:57:31:704,48.9,120
35854266,9:57:34:266,48.93,200
35855682,9:57:35:682,48.94,242
35855706,9:57:35:706,48.94,200
35855706,9:57:35:706,48.94,42
35855707,9:57:35:707,48.94,97
35855756,9:57:35:756,48.9354,2300
35855756,9:57:35:756,48.9316,700
35855992,9:57:35:992,48.9102,100
35856141,9:57:36:141,48.93,100
35856143,9:57:36:143,48.94,400
35858074,9:57:38:74,48.92,100
35858074,9:57:38:74,48.92,100
35858074,9:57:38:74,48.92,100
35858109,9:57:38:109,48.93,100
35858134,9:57:38:134,48.94,100
35858136,9:57:38:136,48.94,200
35858145,9:57:38:145,48.922,100
35858145,9:57:38:145,48.922,200
35858155,9:57:38:155,48.922,2700
35858173,9:57:38:173,48.94,161
35858174,9:57:38:174,48.95,488
35858175,9:57:38:175,48.95,51
35858177,9:57:38:177,48.95,51
35858177,9:57:38:177,48.95,149
35858177,9:57:38:177,48.95,49
35858178,9:57:38:178,48.97,51
35858467,9:57:38:467,48.97,49
35858467,9:57:38:467,48.97,100
35858468,9:57:38:468,48.94,100
35858468,9:57:38:468,48.98,200
35858469,9:57:38:469,48.97,100
35858469,9:57:38:469,48.94,100
35858469,9:57:38:469,48.98,100
35858469,9:57:38:469,48.97,100
35858469,9:57:38:469,48.98,100
35858469,9:57:38:469,48.98,100
35858469,9:57:38:469,48.97,51
35858673,9:57:38:673,48.95,100
35858749,9:57:38:749,48.9572,100
35858749,9:57:38:749,48.9572,100
35858990,9:57:38:990,48.95,100
35858996,9:57:38:996,48.95,600
35859000,9:57:39:0,48.99,100
35859000,9:57:39:0,48.99,100
35859000,9:57:39:0,48.99,100
35859000,9:57:39:0,48.95,100
35859000,9:57:39:0,48.99,200
35859000,9:57:39:0,48.99,100
35859000,9:57:39:0,48.99,100
35859059,9:57:39:59,48.99,100
35859126,9:57:39:126,48.99,100
35859126,9:57:39:126,48.99,100
35859126,9:57:39:126,48.99,100
35859127,9:57:39:127,49,700
35859234,9:57:39:234,48.99,100
35859394,9:57:39:394,48.9999,100
35859407,9:57:39:407,49,100
35859789,9:57:39:789,49,1000
35860002,9:57:40:2,49,1000
35860726,9:57:40:726,49,126
35860727,9:57:40:727,48.99,100
35860727,9:57:40:727,49,573
35860727,9:57:40:727,48.99,100
35860727,9:57:40:727,49,101
35860929,9:57:40:929,49,1
35861169,9:57:41:169,48.91,400
35861178,9:57:41:178,48.99,100
35861179,9:57:41:179,48.91,100
35861761,9:57:41:761,48.94,100
35861790,9:57:41:790,48.97,100
35861814,9:57:41:814,48.9101,14
35864969,9:57:44:969,48.942,500
35865298,9:57:45:298,48.92,100
35865298,9:57:45:298,48.92,900
35865299,9:57:45:299,48.91,61
35865299,9:57:45:299,48.91,200
35865299,9:57:45:299,48.91,39
35865299,9:57:45:299,48.91,100
35865300,9:57:45:300,48.92,100
35865301,9:57:45:301,48.92,100
35865302,9:57:45:302,48.92,100
35865309,9:57:45:309,48.92,300
35865364,9:57:45:364,48.9,200
35865368,9:57:45:368,48.9,100
35865368,9:57:45:368,48.91,100
35865369,9:57:45:369,48.91,100
35865844,9:57:45:844,48.91,100
35865845,9:57:45:845,48.91,100
35865845,9:57:45:845,48.91,100
35865845,9:57:45:845,48.91,100
35865847,9:57:45:847,48.91,200
35866254,9:57:46:254,48.86,300
35866255,9:57:46:255,48.87,100
35866259,9:57:46:259,48.861,500
35866270,9:57:46:270,48.86,300
35866346,9:57:46:346,48.86,100
35866829,9:57:46:829,48.89,100
35866830,9:57:46:830,48.89,100
35866830,9:57:46:830,48.9,100
35866835,9:57:46:835,48.9,100
35866835,9:57:46:835,48.92,100
35866836,9:57:46:836,48.93,100
35866836,9:57:46:836,48.93,100
35866837,9:57:46:837,48.94,200
35866838,9:57:46:838,48.94,100
35866877,9:57:46:877,48.87,300
35866920,9:57:46:920,48.88,300
35866986,9:57:46:986,48.88,200
35866986,9:57:46:986,48.88,100
35867132,9:57:47:132,48.87,200
35867283,9:57:47:283,48.87,500
35867467,9:57:47:467,48.87,200
35867686,9:57:47:686,48.87,50
35867852,9:57:47:852,48.915,500
35867968,9:57:47:968,48.87,100
35868304,9:57:48:304,48.905,300
35869201,9:57:49:201,48.905,1300
35869271,9:57:49:271,48.87,300
35869728,9:57:49:728,48.89,100
35869728,9:57:49:728,48.88,100
35870486,9:57:50:486,48.91,500
35871605,9:57:51:605,48.88,25
35871647,9:57:51:647,48.88,50
35871966,9:57:51:966,48.915,400
35872023,9:57:52:23,48.89,100
35872569,9:57:52:569,48.87,300
35872717,9:57:52:717,48.89,25
35872858,9:57:52:858,48.9,100
35872904,9:57:52:904,48.89,100
35872906,9:57:52:906,48.89,100
35872906,9:57:52:906,48.88,100
35872947,9:57:52:947,48.88,100
35872971,9:57:52:971,48.91,100
35873550,9:57:53:550,48.91,100
35873550,9:57:53:550,48.91,100
35873556,9:57:53:556,48.91,100
35873557,9:57:53:557,48.94,100
35873557,9:57:53:557,48.94,100
35873559,9:57:53:559,48.94,100
35873563,9:57:53:563,48.94,100
35873563,9:57:53:563,48.94,100
35873572,9:57:53:572,48.95,100
35873572,9:57:53:572,48.95,100
35873575,9:57:53:575,48.94,200
35873584,9:57:53:584,48.95,100
35873585,9:57:53:585,48.95,100
35873596,9:57:53:596,48.95,100
35873596,9:57:53:596,48.95,100
35873645,9:57:53:645,48.95,100
35873662,9:57:53:662,48.95,100
35873666,9:57:53:666,48.925,100
35873676,9:57:53:676,48.95,100
35873677,9:57:53:677,48.95,100
35874001,9:57:54:1,48.95,100
35874001,9:57:54:1,48.95,100
35874003,9:57:54:3,48.95,100
35874006,9:57:54:6,48.97,100
35874012,9:57:54:12,48.95,100
35874012,9:57:54:12,48.97,100
35874021,9:57:54:21,48.97,100
35874024,9:57:54:24,48.97,100
35874142,9:57:54:142,48.97,100
35874166,9:57:54:166,48.95,200
35874172,9:57:54:172,48.975,300
35874627,9:57:54:627,48.95,100
35874992,9:57:54:992,48.95,6
35876274,9:57:56:274,48.9501,25
35877142,9:57:57:142,48.9795,1000
35877190,9:57:57:190,48.95,100
35877190,9:57:57:190,48.95,100
35877238,9:57:57:238,48.95,100
35877239,9:57:57:239,48.95,100
35877239,9:57:57:239,48.94,100
35877260,9:57:57:260,48.95,100
35877260,9:57:57:260,48.95,100
35877260,9:57:57:260,48.94,100
35877260,9:57:57:260,48.95,100
35877260,9:57:57:260,48.95,100
35877260,9:57:57:260,48.93,100
35877263,9:57:57:263,48.95,100
35877264,9:57:57:264,48.95,100
35877267,9:57:57:267,48.93,100
35877268,9:57:57:268,48.93,200
35877411,9:57:57:411,48.98,100
35877411,9:57:57:411,48.99,100
35877411,9:57:57:411,48.99,100
35877632,9:57:57:632,48.99,100
35877668,9:57:57:668,48.975,400
35878305,9:57:58:305,48.9999,2000
35878306,9:57:58:306,49,112
35878322,9:57:58:322,48.9875,2000
35878362,9:57:58:362,48.95,300
35878363,9:57:58:363,48.96,100
35878515,9:57:58:515,49,200
35878847,9:57:58:847,48.96,77
35878853,9:57:58:853,48.95,100
35878853,9:57:58:853,48.95,200
35879174,9:57:59:174,48.97,200
35879174,9:57:59:174,48.97,100
35880061,9:58:0:61,48.95,100
35880655,9:58:0:655,48.94,100
35880666,9:58:0:666,48.94,100
35880666,9:58:0:666,48.93,100
35880666,9:58:0:666,48.93,200
35880667,9:58:0:667,48.93,100
35880667,9:58:0:667,48.93,100
35880669,9:58:0:669,48.95,100
35880669,9:58:0:669,48.95,100
35880669,9:58:0:669,48.92,100
35880669,9:58:0:669,48.96,200
35880669,9:58:0:669,48.94,100
35880669,9:58:0:669,48.95,100
35880669,9:58:0:669,48.96,200
35880669,9:58:0:669,48.95,100
35880669,9:58:0:669,48.93,100
35880669,9:58:0:669,48.95,100
35880669,9:58:0:669,48.96,200
35880669,9:58:0:669,48.96,100
35880669,9:58:0:669,48.96,100
35880669,9:58:0:669,48.96,200
35880669,9:58:0:669,48.96,100
35880669,9:58:0:669,48.96,100
35880669,9:58:0:669,48.96,100
35880671,9:58:0:671,48.97,428
35880671,9:58:0:671,48.97,406
35880672,9:58:0:672,48.97,177
35880676,9:58:0:676,48.96,100
35880678,9:58:0:678,48.97,200
35880678,9:58:0:678,48.97,100
35880679,9:58:0:679,48.97,300
35880679,9:58:0:679,48.97,100
35880684,9:58:0:684,48.98,100
35880686,9:58:0:686,48.97,200
35880686,9:58:0:686,48.97,228
35880688,9:58:0:688,48.98,100
35880688,9:58:0:688,48.98,100
35880698,9:58:0:698,49,2000
35880698,9:58:0:698,49,266
35880698,9:58:0:698,49,500
35880698,9:58:0:698,49,100
35880701,9:58:0:701,49,100
35880701,9:58:0:701,49.04,26
35880701,9:58:0:701,48.98,100
35880701,9:58:0:701,49.02,400
35880701,9:58:0:701,49.02,100
35880701,9:58:0:701,49.03,200
35880701,9:58:0:701,49.02,100
35880701,9:58:0:701,49.04,24
35880711,9:58:0:711,49.03,100
35880963,9:58:0:963,49.025,300
35880979,9:58:0:979,49.01,100
35880979,9:58:0:979,49,100
35880981,9:58:0:981,49,100
35880995,9:58:0:995,49,100
35880995,9:58:0:995,49,100
35880997,9:58:0:997,49,100
35881006,9:58:1:6,49,100
35881012,9:58:1:12,48.9775,100
35881131,9:58:1:131,49,4
35881132,9:58:1:132,49,23
35881133,9:58:1:133,49,77
35881468,9:58:1:468,48.99,100
35881475,9:58:1:475,49,100
35881479,9:58:1:479,49,100
35881482,9:58:1:482,49,100
35881482,9:58:1:482,49,100
35881482,9:58:1:482,49,100
35881485,9:58:1:485,49,100
35881712,9:58:1:712,49.02,62
35881712,9:58:1:712,49.02,38
35881712,9:58:1:712,49.02,10
35881712,9:58:1:712,49.02,100
35881712,9:58:1:712,49.02,92
35881712,9:58:1:712,49.02,92
35881712,9:58:1:712,49.02,20
35881712,9:58:1:712,49.02,88
35882760,9:58:2:760,49.03,2
35882760,9:58:2:760,49.03,21
35882760,9:58:2:760,49.01,100
35882760,9:58:2:760,49,218
35882760,9:58:2:760,49,10
35882760,9:58:2:760,49,1282
35882760,9:58:2:760,49,100
35882760,9:58:2:760,49,100
35882760,9:58:2:760,49.01,100
35882760,9:58:2:760,49,100
35882760,9:58:2:760,49,67
35882761,9:58:2:761,49,33
35882763,9:58:2:763,49,67
35882764,9:58:2:764,49,33
35882766,9:58:2:766,49,100
35882767,9:58:2:767,49,67
35882777,9:58:2:777,49,100
35883018,9:58:3:18,49,100
35883032,9:58:3:32,49,100
35883037,9:58:3:37,49,100
35883042,9:58:3:42,49,100
35883046,9:58:3:46,49,100
35883061,9:58:3:61,49.01,100
35883548,9:58:3:548,49,44
35884598,9:58:4:598,49,300
35884600,9:58:4:600,48.96,100
35884601,9:58:4:601,48.96,100
35884603,9:58:4:603,48.96,100
35885411,9:58:5:411,48.99,100
35885411,9:58:5:411,48.99,100
35885411,9:58:5:411,49,200
35885414,9:58:5:414,49,1000
35885414,9:58:5:414,48.99,100
35885417,9:58:5:417,49,100
35885418,9:58:5:418,49.01,400
35885418,9:58:5:418,49.01,100
35885418,9:58:5:418,49.01,700
35885420,9:58:5:420,49,100
35885421,9:58:5:421,49.02,100
35885424,9:58:5:424,49.02,100
35885424,9:58:5:424,49.04,100
35885425,9:58:5:425,48.9825,100
35885425,9:58:5:425,48.9775,100
35885428,9:58:5:428,49.04,100
35885428,9:58:5:428,49.04,100
35885428,9:58:5:428,49.04,100
35885428,9:58:5:428,49.04,62
35885428,9:58:5:428,49.01,1
35885428,9:58:5:428,49.01,99
35885428,9:58:5:428,48.99,1
35885431,9:58:5:431,49.01,1000
35885432,9:58:5:432,49.01,100
35885432,9:58:5:432,49.01,100
35885435,9:58:5:435,49.05,100
35885435,9:58:5:435,49.06,100
35885435,9:58:5:435,49.06,100
35885438,9:58:5:438,49.06,100
35885438,9:58:5:438,49.07,511
35885441,9:58:5:441,49.06,100
35885441,9:58:5:441,49.07,100
35885441,9:58:5:441,49.08,100
35885441,9:58:5:441,49.07,100
35885444,9:58:5:444,49.07,100
35885447,9:58:5:447,49.06,100
35885447,9:58:5:447,49.07,10
35885447,9:58:5:447,49.07,100
35885447,9:58:5:447,49.08,400
35885447,9:58:5:447,49.07,100
35885447,9:58:5:447,49.08,390
35885450,9:58:5:450,49.07,100
35885451,9:58:5:451,49.08,500
35885452,9:58:5:452,49.07,100
35885452,9:58:5:452,49.08,10
35885452,9:58:5:452,49.08,90
35885454,9:58:5:454,49.08,160
35885455,9:58:5:455,49.08,710
35885455,9:58:5:455,49.08,130
35885455,9:58:5:455,49.04,100
35885459,9:58:5:459,49.06,100
35885459,9:58:5:459,49.08,100
35885461,9:58:5:461,49.09,100
35885461,9:58:5:461,49.1,780
35885464,9:58:5:464,49.09,100
35885464,9:58:5:464,49.11,100
35885464,9:58:5:464,49.12,400
35885464,9:58:5:464,49.11,100
35885464,9:58:5:464,49.12,147
35885843,9:58:5:843,49.07,100
35885843,9:58:5:843,49.07,100
35885843,9:58:5:843,49.07,100
35885843,9:58:5:843,49.07,100
35885843,9:58:5:843,49.07,100
35885843,9:58:5:843,49.06,100
35886418,9:58:6:418,49.06,100
35886446,9:58:6:446,49.06,200
35886447,9:58:6:447,49.06,200
35886447,9:58:6:447,49.06,100
35886447,9:58:6:447,49.07,100
35886447,9:58:6:447,49.07,100
35886450,9:58:6:450,49.1,100
35887440,9:58:7:440,49.0386,4750
35887635,9:58:7:635,49.0457,4750
35887643,9:58:7:643,49.02,1
35887644,9:58:7:644,49.01,1
35887728,9:58:7:728,49.03,100
35887734,9:58:7:734,49.01,100
35887735,9:58:7:735,49.01,100
35887735,9:58:7:735,49.01,100
35887986,9:58:7:986,49.06,1000
35888305,9:58:8:305,49.0386,4750
35888320,9:58:8:320,49.02,1
35888554,9:58:8:554,49.02,100
35888554,9:58:8:554,49.02,99
35888554,9:58:8:554,49.0346,99
35888556,9:58:8:556,49.0395,100
35888558,9:58:8:558,49.011,100
35888558,9:58:8:558,49.02,100
35888558,9:58:8:558,49.01,100
35888560,9:58:8:560,49.01,100
35888563,9:58:8:563,49.0505,1
35888565,9:58:8:565,49.01,1
35888568,9:58:8:568,49.0263,4350
35888573,9:58:8:573,48.99,2
35888577,9:58:8:577,48.99,1
35888744,9:58:8:744,49.055,500
35888746,9:58:8:746,49.055,1000
35889765,9:58:9:765,49.045,600
35889768,9:58:9:768,49,1
35891325,9:58:11:325,49.05,200
35891326,9:58:11:326,49.06,100
35891326,9:58:11:326,49.06,100
35892936,9:58:12:936,49.02,46
35893371,9:58:13:371,49.02,100
35893371,9:58:13:371,49.01,200
35893810,9:58:13:810,48.99,100
35895031,9:58:15:31,49,100
35895031,9:58:15:31,48.94,100
35895031,9:58:15:31,48.92,100
35895286,9:58:15:286,48.9014,5000
35895323,9:58:15:323,48.91,3
35895324,9:58:15:324,48.91,97
35895324,9:58:15:324,48.9,100
35895324,9:58:15:324,48.91,100
35895549,9:58:15:549,48.89,300
35895550,9:58:15:550,48.9,100
35895550,9:58:15:550,48.89,100
35895550,9:58:15:550,48.91,100
35896231,9:58:16:231,48.9,100
35896231,9:58:16:231,48.89,100
35896231,9:58:16:231,48.89,300
35896231,9:58:16:231,48.89,100
35896231,9:58:16:231,48.89,100
35896232,9:58:16:232,48.91,200
35896232,9:58:16:232,48.89,100
35896232,9:58:16:232,48.89,100
35896232,9:58:16:232,48.87,200
35896232,9:58:16:232,48.87,100
35896233,9:58:16:233,48.87,100
35896233,9:58:16:233,48.87,100
35896233,9:58:16:233,48.88,200
35896233,9:58:16:233,48.89,100
35896234,9:58:16:234,48.87,100
35896234,9:58:16:234,48.89,100
35896234,9:58:16:234,48.89,100
35896234,9:58:16:234,48.88,100
35896235,9:58:16:235,48.87,200
35896235,9:58:16:235,48.87,10
35896235,9:58:16:235,48.88,100
35896235,9:58:16:235,48.87,190
35896240,9:58:16:240,48.89,200
35896240,9:58:16:240,48.84,1
35896252,9:58:16:252,48.85,1
35897011,9:58:17:11,48.87,100
35897011,9:58:17:11,48.89,100
35897334,9:58:17:334,48.86,1
35897335,9:58:17:335,48.85,10
35899115,9:58:19:115,48.89,100
35899115,9:58:19:115,48.89,100
35899116,9:58:19:116,48.89,100
35899128,9:58:19:128,48.89,100
35899128,9:58:19:128,48.89,200
35899129,9:58:19:129,48.89,100
35899130,9:58:19:130,48.89,100
35899131,9:58:19:131,48.89,200
35899131,9:58:19:131,48.97,100
35899357,9:58:19:357,48.915,100
35899361,9:58:19:361,48.915,100
35899362,9:58:19:362,48.915,100
35901373,9:58:21:373,48.93,100
35902660,9:58:22:660,48.88,100
35902662,9:58:22:662,48.88,100
35902663,9:58:22:663,48.88,100
35907310,9:58:27:310,48.92,100
35908201,9:58:28:201,48.88,100
35908202,9:58:28:202,48.88,100
35908210,9:58:28:210,48.86,100
35909811,9:58:29:811,48.875,1000
35910106,9:58:30:106,48.85,300
35910108,9:58:30:108,48.85,100
35910109,9:58:30:109,48.865,100
35910133,9:58:30:133,48.84,20
35910133,9:58:30:133,48.83,30
35910515,9:58:30:515,48.8206,200
35910525,9:58:30:525,48.83,100
35910935,9:58:30:935,48.835,900
35910966,9:58:30:966,48.835,100
35910967,9:58:30:967,48.8268,4300
35910976,9:58:30:976,48.835,700
35911272,9:58:31:272,48.835,100
35911389,9:58:31:389,48.87,100
35911393,9:58:31:393,48.87,100
35911397,9:58:31:397,48.87,100
35911407,9:58:31:407,48.87,200
35911515,9:58:31:515,48.85,100
35912258,9:58:32:258,48.8515,100
35916532,9:58:36:532,48.86,64
35916572,9:58:36:572,48.86,100
35917887,9:58:37:887,48.84,100
35917895,9:58:37:895,48.83,100
35917895,9:58:37:895,48.83,100
35917895,9:58:37:895,48.83,100
35917895,9:58:37:895,48.83,100
35917895,9:58:37:895,48.83,100
35917895,9:58:37:895,48.83,100
35917895,9:58:37:895,48.83,100
35917898,9:58:37:898,48.835,150
35917906,9:58:37:906,48.83,100
35917947,9:58:37:947,48.82,100
35918586,9:58:38:586,48.81,300
35919026,9:58:39:26,48.81,300
35919084,9:58:39:84,48.83,100
35923961,9:58:43:961,48.82,100
35925131,9:58:45:131,48.81,300
35925961,9:58:45:961,48.84,5
35926611,9:58:46:611,48.8496,200
35927241,9:58:47:241,48.85,300
35927520,9:58:47:520,48.85,100
35927520,9:58:47:520,48.85,100
35927520,9:58:47:520,48.85,1
35927525,9:58:47:525,48.84,100
35928290,9:58:48:290,48.85,100
35928976,9:58:48:976,48.87,100
35929175,9:58:49:175,48.8287,1000
35934187,9:58:54:187,48.82,200
35934205,9:58:54:205,48.83,100
35934206,9:58:54:206,48.83,100
35934975,9:58:54:975,48.84,5
35935534,9:58:55:534,48.84,100
35935584,9:58:55:584,48.84,100
35936456,9:58:56:456,48.84,242
35936580,9:58:56:580,48.84,5
35939615,9:58:59:615,48.84,5
35942312,9:59:2:312,48.84,242
35944846,9:59:4:846,48.84,5
35948115,9:59:8:115,48.81,3
35948116,9:59:8:116,48.81,100
35948116,9:59:8:116,48.81,100
35948116,9:59:8:116,48.8,13
35948116,9:59:8:116,48.8,13
35948116,9:59:8:116,48.8,7
35948116,9:59:8:116,48.8,13
35948116,9:59:8:116,48.8,13
35948116,9:59:8:116,48.8,280
35948116,9:59:8:116,48.8,100
35948116,9:59:8:116,48.8,100
35948116,9:59:8:116,48.81,100
35948117,9:59:8:117,48.81,100
35948117,9:59:8:117,48.81,100
35948117,9:59:8:117,48.8,100
35948117,9:59:8:117,48.81,100
35948118,9:59:8:118,48.805,100
35948118,9:59:8:118,48.8,100
35948119,9:59:8:119,48.815,136
35948119,9:59:8:119,48.79,100
35948120,9:59:8:120,48.8,100
35948121,9:59:8:121,48.8,100
35948133,9:59:8:133,48.79,100
35948133,9:59:8:133,48.78,100
35948135,9:59:8:135,48.8,100
35948148,9:59:8:148,48.78,100
35948148,9:59:8:148,48.78,100
35948708,9:59:8:708,48.8,100
35949572,9:59:9:572,48.7975,100
35949624,9:59:9:624,48.82,100
35949645,9:59:9:645,48.82,49
35949658,9:59:9:658,48.82,131
35949658,9:59:9:658,48.82,69
35949659,9:59:9:659,48.82,31
35949885,9:59:9:885,48.82,1500
35953950,9:59:13:950,48.81,200
35959980,9:59:19:980,48.84,242
35960034,9:59:20:34,48.81,100
35960036,9:59:20:36,48.81,100
35960069,9:59:20:69,48.81,100
35967109,9:59:27:109,48.84,100
35967109,9:59:27:109,48.84,100
35967109,9:59:27:109,48.84,196
35967109,9:59:27:109,48.84,100
35967209,9:59:27:209,48.84,100
35968285,9:59:28:285,48.84,100
35968285,9:59:28:285,48.84,200
35968285,9:59:28:285,48.84,200
35968286,9:59:28:286,48.84,100
35968286,9:59:28:286,48.84,100
35968286,9:59:28:286,48.83,100
35968286,9:59:28:286,48.83,100
35968286,9:59:28:286,48.83,200
35968286,9:59:28:286,48.83,100
35968286,9:59:28:286,48.83,100
35968287,9:59:28:287,48.84,100
35968289,9:59:28:289,48.84,100
35968805,9:59:28:805,48.82,300
35968805,9:59:28:805,48.82,8
35968805,9:59:28:805,48.82,700
35968806,9:59:28:806,48.82,200
35968806,9:59:28:806,48.82,100
35969309,9:59:29:309,48.81,100
35975731,9:59:35:731,48.7902,1000
35976974,9:59:36:974,48.78,300
35976975,9:59:36:975,48.78,200
35983572,9:59:43:572,48.81,400
35983696,9:59:43:696,48.78,100
35984966,9:59:44:966,48.78,100
35986148,9:59:46:148,48.775,300
35986613,9:59:46:613,48.75,300
35986614,9:59:46:614,48.75,100
35986614,9:59:46:614,48.75,100
35986614,9:59:46:614,48.75,300
35986614,9:59:46:614,48.75,300
35986614,9:59:46:614,48.75,100
35986616,9:59:46:616,48.75,104
35986617,9:59:46:617,48.75,104
35986620,9:59:46:620,48.75,104
35987689,9:59:47:689,48.75,100
35987690,9:59:47:690,48.75,100
35989524,9:59:49:524,48.765,100
35989525,9:59:49:525,48.765,200
35989526,9:59:49:526,48.765,100
35989528,9:59:49:528,48.765,100
35989528,9:59:49:528,48.765,300
35989541,9:59:49:541,48.765,100
35989551,9:59:49:551,48.765,100
35990487,9:59:50:487,48.765,100
35991101,9:59:51:101,48.75,1200
35991108,9:59:51:108,48.75,100
35991109,9:59:51:109,48.75,3800
35991114,9:59:51:114,48.75,100
35991640,9:59:51:640,48.75,300
35991641,9:59:51:641,48.75,400
35991641,9:59:51:641,48.75,1
35991641,9:59:51:641,48.75,100
35991641,9:59:51:641,48.75,6
35991641,9:59:51:641,48.75,100
35991641,9:59:51:641,48.75,100
35991641,9:59:51:641,48.75,100
35991642,9:59:51:642,48.75,100
35991642,9:59:51:642,48.75,100
35991642,9:59:51:642,48.75,99
35991642,9:59:51:642,48.75,200
35991643,9:59:51:643,48.75,600
35991643,9:59:51:643,48.75,200
35991643,9:59:51:643,48.75,100
35991644,9:59:51:644,48.75,200
35991646,9:59:51:646,48.74,100
35991647,9:59:51:647,48.75,400
35991648,9:59:51:648,48.75,700
35991648,9:59:51:648,48.75,700
35991651,9:59:51:651,48.75,800
35991655,9:59:51:655,48.73,100
35991655,9:59:51:655,48.75,500
35991726,9:59:51:726,48.765,100
35991755,9:59:51:755,48.765,100
35991840,9:59:51:840,48.75,800
35991862,9:59:51:862,48.73,400
35991881,9:59:51:881,48.73,353
35992150,9:59:52:150,48.73,100
35993938,9:59:53:938,48.73,100
35994182,9:59:54:182,48.75,100
35994182,9:59:54:182,48.75,100
35994212,9:59:54:212,48.75,100
35994212,9:59:54:212,48.75,100
35994212,9:59:54:212,48.75,97
35994212,9:59:54:212,48.75,100
35994212,9:59:54:212,48.75,100
35994212,9:59:54:212,48.75,3
35994212,9:59:54:212,48.75,100
35994212,9:59:54:212,48.75,200
35994212,9:59:54:212,48.75,100
35994212,9:59:54:212,48.75,100
35994212,9:59:54:212,48.75,100
35994214,9:59:54:214,48.76,100
35995756,9:59:55:756,48.78,100
35996592,9:59:56:592,48.73,1000
35996731,9:59:56:731,48.745,100
35997859,9:59:57:859,48.78,100
35998659,9:59:58:659,48.75,700
35998659,9:59:58:659,48.74,100
35998660,9:59:58:660,48.74,100
35998661,9:59:58:661,48.74,1800
35998664,9:59:58:664,48.76,100
35998666,9:59:58:666,48.76,100
35998671,9:59:58:671,48.75,100
35998671,9:59:58:671,48.74,100
35998675,9:59:58:675,48.74,100
35999473,9:59:59:473,48.77,100
35999477,9:59:59:477,48.7799,100
35999515,9:59:59:515,48.78,100
35999518,9:59:59:518,48.78,100
35999520,9:59:59:520,48.78,100
35999524,9:59:59:524,48.78,100
35999551,9:59:59:551,48.75,20
35999553,9:59:59:553,48.75,20
36000023,10:0:0:23,48.78,100
36000030,10:0:0:30,48.78,100
36000030,10:0:0:30,48.78,200
36000030,10:0:0:30,48.78,100
36000030,10:0:0:30,48.78,100
36000030,10:0:0:30,48.78,100
36000030,10:0:0:30,48.78,100
36000030,10:0:0:30,48.78,100
36000031,10:0:0:31,48.78,100
36000031,10:0:0:31,48.78,10
36000031,10:0:0:31,48.78,9
36000031,10:0:0:31,48.78,91
36002167,10:0:2:167,48.7539,551
36002232,10:0:2:232,48.79,200
36002234,10:0:2:234,48.79,600
36002332,10:0:2:332,48.785,100
36002892,10:0:2:892,48.7776,893
36005052,10:0:5:52,48.79,42
36005052,10:0:5:52,48.79,58
36005052,10:0:5:52,48.79,42
36005052,10:0:5:52,48.79,58
36005052,10:0:5:52,48.79,58
36005052,10:0:5:52,48.79,100
36005052,10:0:5:52,48.79,100
36005052,10:0:5:52,48.79,100
36005053,10:0:5:53,48.8,100
36005063,10:0:5:63,48.82,100
36005064,10:0:5:64,48.81,100
36005064,10:0:5:64,48.81,100
36005102,10:0:5:102,48.81,100
36005102,10:0:5:102,48.79,100
36005102,10:0:5:102,48.79,3
36005102,10:0:5:102,48.8,100
36005102,10:0:5:102,48.79,3
36005103,10:0:5:103,48.79,100
36005104,10:0:5:104,48.79,100
36005104,10:0:5:104,48.79,100
36005112,10:0:5:112,48.78,100
36005138,10:0:5:138,48.77,400
36005139,10:0:5:139,48.77,200
36005152,10:0:5:152,48.77,100
36005152,10:0:5:152,48.77,100
36005157,10:0:5:157,48.76,100
36005159,10:0:5:159,48.76,100
36005159,10:0:5:159,48.76,100
36005159,10:0:5:159,48.76,100
36005159,10:0:5:159,48.76,100
36005159,10:0:5:159,48.77,42
36005159,10:0:5:159,48.77,58
36005159,10:0:5:159,48.76,100
36005160,10:0:5:160,48.76,100
36005160,10:0:5:160,48.77,100
36005161,10:0:5:161,48.76,100
36005161,10:0:5:161,48.76,100
36005162,10:0:5:162,48.76,100
36005162,10:0:5:162,48.75,100
36005162,10:0:5:162,48.75,100
36005162,10:0:5:162,48.75,100
36005163,10:0:5:163,48.75,100
36005163,10:0:5:163,48.75,100
36005165,10:0:5:165,48.75,100
36005166,10:0:5:166,48.75,200
36005169,10:0:5:169,48.75,100
36005169,10:0:5:169,48.75,100
36005170,10:0:5:170,48.75,194
36005208,10:0:5:208,48.75,300
36005212,10:0:5:212,48.75,300
36005423,10:0:5:423,48.75,400
36005453,10:0:5:453,48.75,700
36006144,10:0:6:144,48.75,100
36006226,10:0:6:226,48.73,100
36006226,10:0:6:226,48.75,89
36007417,10:0:7:417,48.73,100
36009203,10:0:9:203,48.75,100
36009312,10:0:9:312,48.75,100
36009316,10:0:9:316,48.75,100
36009317,10:0:9:317,48.75,100
36009323,10:0:9:323,48.75,100
36010902,10:0:10:902,48.75,200
36010902,10:0:10:902,48.75,100
36010902,10:0:10:902,48.75,100
36010902,10:0:10:902,48.75,211
36010902,10:0:10:902,48.75,100
36011057,10:0:11:57,48.75,100
36011080,10:0:11:80,48.75,100
36011094,10:0:11:94,48.75,100
36011095,10:0:11:95,48.75,200
36012520,10:0:12:520,48.75,100
36012922,10:0:12:922,48.75,100
36012922,10:0:12:922,48.76,100
36012922,10:0:12:922,48.76,100
36012922,10:0:12:922,48.76,7
36012923,10:0:12:923,48.75,100
36012930,10:0:12:930,48.75,100
36012939,10:0:12:939,48.75,100
36014091,10:0:14:91,48.77,100
36014094,10:0:14:94,48.77,100
36014098,10:0:14:98,48.77,100
36014126,10:0:14:126,48.77,300
36015430,10:0:15:430,48.7495,100
36016164,10:0:16:164,48.75,200
36016239,10:0:16:239,48.77,100
36016239,10:0:16:239,48.76,10
36016239,10:0:16:239,48.76,10
36017789,10:0:17:789,48.77,100
36018928,10:0:18:928,48.78,100
36018928,10:0:18:928,48.78,100
36018928,10:0:18:928,48.78,100
36020692,10:0:20:692,48.78,100
36020692,10:0:20:692,48.78,1
36020693,10:0:20:693,48.78,100
36020693,10:0:20:693,48.79,100
36020693,10:0:20:693,48.79,10
36020693,10:0:20:693,48.79,10
36020693,10:0:20:693,48.79,179
36020695,10:0:20:695,48.78,40
36020696,10:0:20:696,48.79,100
36021852,10:0:21:852,48.76,500
36021870,10:0:21:870,48.79,100
36021871,10:0:21:871,48.79,100
36021880,10:0:21:880,48.79,357
36021903,10:0:21:903,48.79,100
36021986,10:0:21:986,48.79,100
36021986,10:0:21:986,48.79,10
36025352,10:0:25:352,48.81,100
36025353,10:0:25:353,48.82,100
36026629,10:0:26:629,48.81,100
36026633,10:0:26:633,48.81,100
36026636,10:0:26:636,48.81,100
36026648,10:0:26:648,48.81,100
36026863,10:0:26:863,48.7916,1800
36026864,10:0:26:864,48.7916,1200
36026879,10:0:26:879,48.7964,100
36026902,10:0:26:902,48.8,100
36026916,10:0:26:916,48.8,200
36026928,10:0:26:928,48.79,100
36026928,10:0:26:928,48.8,200
36026928,10:0:26:928,48.8,42
36026931,10:0:26:931,48.79,100
36026934,10:0:26:934,48.79,100
36027047,10:0:27:47,48.8,300
36028287,10:0:28:287,48.81,100
36028314,10:0:28:314,48.82,100
36030430,10:0:30:430,48.81,100
36030439,10:0:30:439,48.7983,100
36030439,10:0:30:439,48.8077,100
36030442,10:0:30:442,48.8025,100
36031773,10:0:31:773,48.82,100
36034602,10:0:34:602,48.8,200
36034605,10:0:34:605,48.78,300
36034605,10:0:34:605,48.78,300
36034605,10:0:34:605,48.78,100
36034606,10:0:34:606,48.77,100
36034606,10:0:34:606,48.77,75
36034606,10:0:34:606,48.77,25
36034735,10:0:34:735,48.765,200
36034762,10:0:34:762,48.7738,60
36035017,10:0:35:17,48.78,100
36035017,10:0:35:17,48.78,100
36035017,10:0:35:17,48.78,10
36035017,10:0:35:17,48.78,10
36035017,10:0:35:17,48.78,10
36035017,10:0:35:17,48.78,10
36035017,10:0:35:17,48.78,10
36035033,10:0:35:33,48.78,100
36035047,10:0:35:47,48.78,100
36035047,10:0:35:47,48.78,75
36036180,10:0:36:180,48.79,1000
36038001,10:0:38:1,48.82,100
36038002,10:0:38:2,48.82,100
36038005,10:0:38:5,48.82,100
36038016,10:0:38:16,48.82,100
36038036,10:0:38:36,48.82,1200
36038037,10:0:38:37,48.82,48
36038112,10:0:38:112,48.82,100
36039355,10:0:39:355,48.83,100
36039355,10:0:39:355,48.83,127
36039768,10:0:39:768,48.83,273
36040406,10:0:40:406,48.83,200
36040407,10:0:40:407,48.825,100
36040408,10:0:40:408,48.83,600
36040525,10:0:40:525,48.825,100
36040532,10:0:40:532,48.825,200
36040533,10:0:40:533,48.825,400
36040563,10:0:40:563,48.82,100
36040563,10:0:40:563,48.82,100
36040630,10:0:40:630,48.81,100
36041264,10:0:41:264,48.83,127
36042038,10:0:42:38,48.84,100
36042044,10:0:42:44,48.87,100
36042044,10:0:42:44,48.87,200
36042044,10:0:42:44,48.87,100
36043923,10:0:43:923,48.84,4057
36043939,10:0:43:939,48.85,100
36045561,10:0:45:561,48.86,100
36045561,10:0:45:561,48.86,100
36046256,10:0:46:256,48.87,200
36046256,10:0:46:256,48.87,200
36046256,10:0:46:256,48.87,100
36046256,10:0:46:256,48.87,400
36046257,10:0:46:257,48.87,100
36046257,10:0:46:257,48.87,200
36046258,10:0:46:258,48.86,100
36046258,10:0:46:258,48.87,51
36046258,10:0:46:258,48.86,100
36046260,10:0:46:260,48.86,500
36046262,10:0:46:262,48.85,100
36048842,10:0:48:842,48.87,300
36048842,10:0:48:842,48.87,100
36048844,10:0:48:844,48.88,200
36048846,10:0:48:846,48.87,100
36054314,10:0:54:314,48.88,100
36054314,10:0:54:314,48.88,200
36054314,10:0:54:314,48.88,600
36054314,10:0:54:314,48.88,50
36054315,10:0:54:315,48.89,100
36054316,10:0:54:316,48.89,100
36054316,10:0:54:316,48.89,100
36054316,10:0:54:316,48.89,100
36054317,10:0:54:317,48.89,100
36054317,10:0:54:317,48.89,10
36054317,10:0:54:317,48.89,40
36058211,10:0:58:211,48.87,160
36058211,10:0:58:211,48.86,100
36058211,10:0:58:211,48.87,100
36058211,10:0:58:211,48.86,100
36058211,10:0:58:211,48.86,100
36058211,10:0:58:211,48.85,40
36058212,10:0:58:212,48.85,200
36058212,10:0:58:212,48.85,100
36058212,10:0:58:212,48.85,100
36058213,10:0:58:213,48.85,260
36058213,10:0:58:213,48.85,100
36058213,10:0:58:213,48.85,100
36058213,10:0:58:213,48.85,100
36058213,10:0:58:213,48.85,200
36058215,10:0:58:215,48.85,292
36058223,10:0:58:223,48.85,100
36058226,10:0:58:226,48.85,100
36058232,10:0:58:232,48.85,100
36058233,10:0:58:233,48.85,100
36059612,10:0:59:612,48.84,100
36059612,10:0:59:612,48.85,100
36059613,10:0:59:613,48.83,100
36059614,10:0:59:614,48.83,100
36059614,10:0:59:614,48.84,100
36059614,10:0:59:614,48.85,100
36059618,10:0:59:618,48.84,100
36059618,10:0:59:618,48.845,100
36059637,10:0:59:637,48.83,100
36059638,10:0:59:638,48.84,10
36059638,10:0:59:638,48.84,10
36059638,10:0:59:638,48.84,10
36059638,10:0:59:638,48.84,4
36059639,10:0:59:639,48.85,500
36059655,10:0:59:655,48.85,100
36059663,10:0:59:663,48.85,300
36059663,10:0:59:663,48.84,100
36059663,10:0:59:663,48.84,100
36059663,10:0:59:663,48.84,100
36059663,10:0:59:663,48.84,200
36059664,10:0:59:664,48.84,100
36059664,10:0:59:664,48.84,70
36059701,10:0:59:701,48.83,37
36059701,10:0:59:701,48.84,6
36059701,10:0:59:701,48.84,10
36059702,10:0:59:702,48.84,10
36059702,10:0:59:702,48.84,10
36059702,10:0:59:702,48.84,10
36059706,10:0:59:706,48.85,100
36059707,10:0:59:707,48.84,100
36059717,10:0:59:717,48.84,100
36059717,10:0:59:717,48.84,100
36059717,10:0:59:717,48.84,100
36059718,10:0:59:718,48.84,10
36059718,10:0:59:718,48.84,90
36059718,10:0:59:718,48.84,100
36059718,10:0:59:718,48.84,100
36059718,10:0:59:718,48.84,100
36059718,10:0:59:718,48.84,100
36059720,10:0:59:720,48.85,100
36059742,10:0:59:742,48.83,100
36059753,10:0:59:753,48.85,700
36059770,10:0:59:770,48.85,100
36059789,10:0:59:789,48.84,100
36059893,10:0:59:893,48.83,100
36059893,10:0:59:893,48.84,100
36061142,10:1:1:142,48.85,200
36061337,10:1:1:337,48.8454,100
36062925,10:1:2:925,48.85,100
36062957,10:1:2:957,48.85,100
36062958,10:1:2:958,48.85,200
36062958,10:1:2:958,48.85,400
36062958,10:1:2:958,48.85,100
36063562,10:1:3:562,48.8432,3000
36067916,10:1:7:916,48.88,100
36067916,10:1:7:916,48.88,102
36067919,10:1:7:919,48.88,100
36068909,10:1:8:909,48.8899,200
36068911,10:1:8:911,48.8899,2300
36069010,10:1:9:10,48.89,100
36069010,10:1:9:10,48.89,100
36069010,10:1:9:10,48.88,100
36069010,10:1:9:10,48.88,900
36069010,10:1:9:10,48.89,100
36069010,10:1:9:10,48.89,10
36069010,10:1:9:10,48.89,100
36069010,10:1:9:10,48.88,100
36069010,10:1:9:10,48.89,10
36069010,10:1:9:10,48.89,10
36069010,10:1:9:10,48.89,100
36069010,10:1:9:10,48.88,100
36069010,10:1:9:10,48.88,100
36069010,10:1:9:10,48.88,100
36069010,10:1:9:10,48.88,20
36070170,10:1:10:170,48.855,100
36070171,10:1:10:171,48.855,900
36071233,10:1:11:233,48.88,200
36071266,10:1:11:266,48.9,100
36071266,10:1:11:266,48.9,100
36071266,10:1:11:266,48.89,3
36071267,10:1:11:267,48.89,57
36071551,10:1:11:551,48.91,100
36071551,10:1:11:551,48.91,100
36071551,10:1:11:551,48.91,100
36071552,10:1:11:552,48.91,51
36071560,10:1:11:560,48.91,100
36071719,10:1:11:719,48.91,100
36071720,10:1:11:720,48.91,100
36071739,10:1:11:739,48.91,1400
36071899,10:1:11:899,48.91,200
36071899,10:1:11:899,48.91,300
36071899,10:1:11:899,48.91,200
36071899,10:1:11:899,48.91,10
36071899,10:1:11:899,48.91,10
36071899,10:1:11:899,48.91,10
36071899,10:1:11:899,48.91,10
36071899,10:1:11:899,48.91,10
36071899,10:1:11:899,48.91,10
36071899,10:1:11:899,48.91,1100
36071899,10:1:11:899,48.91,100
36071899,10:1:11:899,48.91,100
36071899,10:1:11:899,48.91,10
36071899,10:1:11:899,48.91,10
36071899,10:1:11:899,48.91,100
36071899,10:1:11:899,48.91,100
36071899,10:1:11:899,48.91,10
36071899,10:1:11:899,48.91,10
36071899,10:1:11:899,48.91,100
36071899,10:1:11:899,48.91,100
36071899,10:1:11:899,48.91,10
36071899,10:1:11:899,48.91,10
36071900,10:1:11:900,48.91,100
36071900,10:1:11:900,48.91,10
36071979,10:1:11:979,48.92,100
36071979,10:1:11:979,48.92,100
36071979,10:1:11:979,48.92,100
36071979,10:1:11:979,48.92,10
36071979,10:1:11:979,48.92,100
36071979,10:1:11:979,48.92,10
36071979,10:1:11:979,48.92,10
36072701,10:1:12:701,48.93,100
36073284,10:1:13:284,48.93,85
36073284,10:1:13:284,48.93,100
36073284,10:1:13:284,48.93,100
36073291,10:1:13:291,48.94,100
36073291,10:1:13:291,48.94,100
36073292,10:1:13:292,48.95,100
36073292,10:1:13:292,48.95,100
36073292,10:1:13:292,48.96,100
36073292,10:1:13:292,48.95,100
36073292,10:1:13:292,48.95,98
36073292,10:1:13:292,48.95,300
36073292,10:1:13:292,48.95,100
36073292,10:1:13:292,48.95,100
36073292,10:1:13:292,48.95,100
36073292,10:1:13:292,48.95,100
36073292,10:1:13:292,48.95,100
36074731,10:1:14:731,48.95,100
36074731,10:1:14:731,48.95,100
36074874,10:1:14:874,48.96,300
36074877,10:1:14:877,48.97,100
36074877,10:1:14:877,48.97,100
36074877,10:1:14:877,48.97,100
36074877,10:1:14:877,48.97,100
36074878,10:1:14:878,48.96,36
36074878,10:1:14:878,48.96,64
36074878,10:1:14:878,48.96,100
36074907,10:1:14:907,48.97,100
36075621,10:1:15:621,48.97,400
36075726,10:1:15:726,48.96,300
36075726,10:1:15:726,48.96,100
36075726,10:1:15:726,48.96,100
36075731,10:1:15:731,48.96,100
36075733,10:1:15:733,48.96,300
36075733,10:1:15:733,48.96,400
36076840,10:1:16:840,48.9458,100
