MsOfDay, Time,Price,Size
33963061,9:26:3:61,48.32,13
34201005,9:30:1:5,48.67,11670
34201014,9:30:1:14,48.61,100
34201014,9:30:1:14,48.61,100
34202698,9:30:2:698,48.66,100
34202698,9:30:2:698,48.66,100
34203689,9:30:3:689,48.61,100
34205662,9:30:5:662,48.62,100
34208140,9:30:8:140,48.64,6
34208424,9:30:8:424,48.64,1
34208937,9:30:8:937,48.61,1
34210709,9:30:10:709,48.635,8
34212265,9:30:12:265,48.635,200
34218268,9:30:18:268,48.63,100
34220374,9:30:20:374,48.61,100
34220375,9:30:20:375,48.61,100
34220377,9:30:20:377,48.61,14
34223848,9:30:23:848,48.61,100
34226221,9:30:26:221,48.6,100
34226221,9:30:26:221,48.61,85
34227789,9:30:27:789,48.6,100
34227789,9:30:27:789,48.59,100
34233868,9:30:33:868,48.57,1
34233868,9:30:33:868,48.57,5
34240019,9:30:40:19,48.575,8
34270024,9:31:10:24,48.585,6
34274627,9:31:14:627,48.62,56
34291712,9:31:31:712,48.63,100
34291773,9:31:31:773,48.63,100
34297257,9:31:37:257,48.63,100
34297258,9:31:37:258,48.63,73
34297258,9:31:37:258,48.63,27
34297808,9:31:37:808,48.63,100
34297808,9:31:37:808,48.63,27
34297808,9:31:37:808,48.63,73
34297809,9:31:37:809,48.63,100
34298304,9:31:38:304,48.63,23
34298304,9:31:38:304,48.63,50
34298304,9:31:38:304,48.63,200
34298309,9:31:38:309,48.63,200
34300007,9:31:40:7,48.615,6
34300279,9:31:40:279,48.59,1
34300902,9:31:40:902,48.67,100
34322629,9:32:2:629,48.69,100
34322629,9:32:2:629,48.69,100
34322629,9:32:2:629,48.69,100
34322631,9:32:2:631,48.7,100
34324354,9:32:4:354,48.645,22
34330011,9:32:10:11,48.645,6
34346194,9:32:26:194,48.7,100
34346195,9:32:26:195,48.7,548
34346237,9:32:26:237,48.72,100
34346238,9:32:26:238,48.68,37
34353186,9:32:33:186,48.73,100
34357874,9:32:37:874,48.72,6
34364988,9:32:44:988,48.65,3
34381904,9:33:1:904,48.67,100
34381904,9:33:1:904,48.66,100
34381904,9:33:1:904,48.66,59
34381907,9:33:1:907,48.695,100
34381915,9:33:1:915,48.68,37
34381916,9:33:1:916,48.68,63
34382682,9:33:2:682,48.68,4
34383006,9:33:3:6,48.64,100
34383006,9:33:3:6,48.64,100
34383007,9:33:3:7,48.64,98
34383026,9:33:3:26,48.63,25
34384055,9:33:4:55,48.67,100
34384928,9:33:4:928,48.67,100
34384929,9:33:4:929,48.67,100
34384929,9:33:4:929,48.66,100
34384929,9:33:4:929,48.66,100
34384930,9:33:4:930,48.66,100
34384943,9:33:4:943,48.67,26
34384943,9:33:4:943,48.66,26
34385025,9:33:5:25,48.67,100
34388030,9:33:8:30,48.68,100
34388368,9:33:8:368,48.63,12
34390269,9:33:10:269,48.68,6
34393518,9:33:13:518,48.67,100
34393785,9:33:13:785,48.63,100
34393797,9:33:13:797,48.63,75
34393798,9:33:13:798,48.63,88
34393798,9:33:13:798,48.66,46
34393857,9:33:13:857,48.66,54
34395947,9:33:15:947,48.63,46
34395947,9:33:15:947,48.63,4
34395947,9:33:15:947,48.63,96
34395947,9:33:15:947,48.63,100
34395948,9:33:15:948,48.62,100
34395951,9:33:15:951,48.61,84
34395951,9:33:15:951,48.61,16
34395951,9:33:15:951,48.61,100
34395952,9:33:15:952,48.59,100
34395952,9:33:15:952,48.59,100
34396026,9:33:16:26,48.57,100
34396028,9:33:16:28,48.61,100
34396028,9:33:16:28,48.61,100
34396028,9:33:16:28,48.62,100
34396029,9:33:16:29,48.61,100
34396029,9:33:16:29,48.61,100
34396029,9:33:16:29,48.61,100
34396029,9:33:16:29,48.62,100
34396029,9:33:16:29,48.61,500
34396029,9:33:16:29,48.61,652
34396522,9:33:16:522,48.61,100
34399416,9:33:19:416,48.61,500
34399418,9:33:19:418,48.61,100
34399446,9:33:19:446,48.56,100
34403808,9:33:23:808,48.65,100
34406533,9:33:26:533,48.64,100
34406535,9:33:26:535,48.65,100
34420277,9:33:40:277,48.64,8
34434519,9:33:54:519,48.59,5
34434519,9:33:54:519,48.59,95
34434519,9:33:54:519,48.59,100
34434519,9:33:54:519,48.59,4
34434519,9:33:54:519,48.59,96
34434527,9:33:54:527,48.62,100
34434528,9:33:54:528,48.59,100
34434531,9:33:54:531,48.62,100
34434532,9:33:54:532,48.59,34
34434538,9:33:54:538,48.59,66
34450398,9:34:10:398,48.61,9
34480229,9:34:40:229,48.61,17
34494700,9:34:54:700,48.57,100
34494701,9:34:54:701,48.56,100
34494701,9:34:54:701,48.57,100
34494702,9:34:54:702,48.56,100
34494702,9:34:54:702,48.56,100
34494715,9:34:54:715,48.55,100
34494716,9:34:54:716,48.55,100
34494719,9:34:54:719,48.5575,100
34494724,9:34:54:724,48.54,100
34494728,9:34:54:728,48.53,100
34501682,9:35:1:682,48.58,100
34501690,9:35:1:690,48.58,100
34501690,9:35:1:690,48.58,100
34516028,9:35:16:28,48.56,100
34523645,9:35:23:645,48.55,200
34523645,9:35:23:645,48.55,100
34523688,9:35:23:688,48.54,100
34523688,9:35:23:688,48.54,100
34528653,9:35:28:653,48.56,1
34528833,9:35:28:833,48.54,100
34533658,9:35:33:658,48.49,200
34540107,9:35:40:107,48.48,100
34540488,9:35:40:488,48.47,200
34540543,9:35:40:543,48.47,100
34540548,9:35:40:548,48.47,100
34540549,9:35:40:549,48.47,100
34540581,9:35:40:581,48.47,100
34541898,9:35:41:898,48.47,100
34542949,9:35:42:949,48.46,100
34548622,9:35:48:622,48.46,100
34548624,9:35:48:624,48.46,100
34548624,9:35:48:624,48.46,16
34586686,9:36:26:686,48.47,24
34589962,9:36:29:962,48.49,13
34597683,9:36:37:683,48.47,100
34610293,9:36:50:293,48.46,100
34610294,9:36:50:294,48.47,100
34610321,9:36:50:321,48.44,100
34610360,9:36:50:360,48.43,100
34615322,9:36:55:322,48.43,100
34615322,9:36:55:322,48.43,200
34615322,9:36:55:322,48.43,100
34632359,9:37:12:359,48.46,13
34637742,9:37:17:742,48.47,100
34637743,9:37:17:743,48.46,100
34637743,9:37:17:743,48.46,14
34638722,9:37:18:722,48.48,100
34638722,9:37:18:722,48.48,100
34638722,9:37:18:722,48.48,14
34638723,9:37:18:723,48.49,100
34638724,9:37:18:724,48.5,100
34638724,9:37:18:724,48.49,100
34638724,9:37:18:724,48.49,100
34638730,9:37:18:730,48.48,200
34638849,9:37:18:849,48.48,100
34639297,9:37:19:297,48.49,35
34639715,9:37:19:715,48.4812,2
34655962,9:37:35:962,48.49,100
34655962,9:37:35:962,48.48,100
34655962,9:37:35:962,48.48,100
34655962,9:37:35:962,48.48,100
34655964,9:37:35:964,48.47,100
34655964,9:37:35:964,48.47,100
34655965,9:37:35:965,48.475,100
34658577,9:37:38:577,48.48,100
34658577,9:37:38:577,48.47,200
34668897,9:37:48:897,48.48,100
34668919,9:37:48:919,48.49,100
34668920,9:37:48:920,48.48,100
34668920,9:37:48:920,48.49,150
34668920,9:37:48:920,48.49,300
34668920,9:37:48:920,48.49,150
34668920,9:37:48:920,48.49,100
34668920,9:37:48:920,48.48,100
34668920,9:37:48:920,48.49,100
34668920,9:37:48:920,48.49,300
34668920,9:37:48:920,48.49,200
34668920,9:37:48:920,48.49,200
34668920,9:37:48:920,48.49,50
34668920,9:37:48:920,48.49,14
34668921,9:37:48:921,48.5,100
34668921,9:37:48:921,48.5,100
34668921,9:37:48:921,48.51,100
34668921,9:37:48:921,48.49,100
34668931,9:37:48:931,48.5,100
34668974,9:37:48:974,48.475,14
34669170,9:37:49:170,48.49,100
34669378,9:37:49:378,48.52,100
34670901,9:37:50:901,48.53,100
34672208,9:37:52:208,48.56,5
34679629,9:37:59:629,48.52,100
34679629,9:37:59:629,48.52,200
34679640,9:37:59:640,48.51,100
34679655,9:37:59:655,48.5,100
34693523,9:38:13:523,48.53,100
34693747,9:38:13:747,48.54,100
34715752,9:38:35:752,48.52,100
34715862,9:38:35:862,48.52,100
34715862,9:38:35:862,48.51,200
34715863,9:38:35:863,48.51,100
34715863,9:38:35:863,48.51,100
34723117,9:38:43:117,48.5,100
34724680,9:38:44:680,48.5,100
34738402,9:38:58:402,48.51,30
34758953,9:39:18:953,48.54,100
34781207,9:39:41:207,48.52,100
34781207,9:39:41:207,48.52,99
34781207,9:39:41:207,48.52,301
34781207,9:39:41:207,48.52,100
34784156,9:39:44:156,48.53,100
34784156,9:39:44:156,48.53,400
34784157,9:39:44:157,48.53,100
34784158,9:39:44:158,48.53,100
34784158,9:39:44:158,48.53,100
34784158,9:39:44:158,48.53,100
34784158,9:39:44:158,48.54,100
34784269,9:39:44:269,48.53,100
34787571,9:39:47:571,48.55,100
34789499,9:39:49:499,48.56,100
34796134,9:39:56:134,48.56,64
34796134,9:39:56:134,48.56,36
34796134,9:39:56:134,48.56,200
34796134,9:39:56:134,48.56,100
34796134,9:39:56:134,48.56,100
34796136,9:39:56:136,48.55,50
34796137,9:39:56:137,48.55,50
34796145,9:39:56:145,48.55,52
34796668,9:39:56:668,48.56,100
34796729,9:39:56:729,48.54,100
34796729,9:39:56:729,48.54,100
34796729,9:39:56:729,48.54,100
34796730,9:39:56:730,48.53,100
34796730,9:39:56:730,48.53,100
34797090,9:39:57:90,48.55,100
34800049,9:40:0:49,48.54,5
34801510,9:40:1:510,48.54,261
34801510,9:40:1:510,48.54,39
34806883,9:40:6:883,48.55,100
34806884,9:40:6:884,48.55,100
34806897,9:40:6:897,48.55,100
34806954,9:40:6:954,48.55,100
34807524,9:40:7:524,48.55,100
34807530,9:40:7:530,48.55,100
34807530,9:40:7:530,48.55,200
34807531,9:40:7:531,48.545,100
34807532,9:40:7:532,48.56,56
34807564,9:40:7:564,48.55,100
34807564,9:40:7:564,48.55,100
34817883,9:40:17:883,48.54,18
34817883,9:40:17:883,48.53,96
34817883,9:40:17:883,48.53,100
34817883,9:40:17:883,48.53,8
34824020,9:40:24:20,48.52,100
34824020,9:40:24:20,48.52,100
34824020,9:40:24:20,48.52,300
34824020,9:40:24:20,48.52,100
34827375,9:40:27:375,48.51,99
34827375,9:40:27:375,48.52,1
34839214,9:40:39:214,48.535,5
34853930,9:40:53:930,48.52,100
34853930,9:40:53:930,48.51,100
34853930,9:40:53:930,48.52,100
34853930,9:40:53:930,48.52,100
34853930,9:40:53:930,48.51,100
34853930,9:40:53:930,48.52,100
34853930,9:40:53:930,48.51,100
34853930,9:40:53:930,48.51,100
34853930,9:40:53:930,48.51,100
34853930,9:40:53:930,48.51,100
34853930,9:40:53:930,48.51,100
34853930,9:40:53:930,48.51,100
34853932,9:40:53:932,48.53,100
34857693,9:40:57:693,48.51,48
34857694,9:40:57:694,48.525,52
34857694,9:40:57:694,48.51,100
34858114,9:40:58:114,48.54,100
34860791,9:41:0:791,48.55,100
34860791,9:41:0:791,48.55,100
34860792,9:41:0:792,48.56,100
34860792,9:41:0:792,48.56,100
34868523,9:41:8:523,48.56,52
34869864,9:41:9:864,48.57,1600
34869864,9:41:9:864,48.58,100
34869864,9:41:9:864,48.57,400
34869865,9:41:9:865,48.58,100
34869865,9:41:9:865,48.58,100
34869865,9:41:9:865,48.58,100
34869865,9:41:9:865,48.57,100
34869865,9:41:9:865,48.57,100
34869869,9:41:9:869,48.57,100
34870098,9:41:10:98,48.59,100
34873233,9:41:13:233,48.6,30
34873728,9:41:13:728,48.6,100
34876772,9:41:16:772,48.58,100
34876772,9:41:16:772,48.57,200
34876776,9:41:16:776,48.57,50
34876776,9:41:16:776,48.57,50
34877006,9:41:17:6,48.56,200
34877674,9:41:17:674,48.57,100
34880811,9:41:20:811,48.56,100
34880879,9:41:20:879,48.56,100
34881863,9:41:21:863,48.54,100
34881863,9:41:21:863,48.54,200
34881863,9:41:21:863,48.54,100
34892278,9:41:32:278,48.5399,100
34895977,9:41:35:977,48.54,200
34912795,9:41:52:795,48.53,100
34913895,9:41:53:895,48.52,100
34913895,9:41:53:895,48.52,100
34913895,9:41:53:895,48.52,1
34913895,9:41:53:895,48.52,100
34920005,9:42:0:5,48.53,78
34920005,9:42:0:5,48.53,22
34921277,9:42:1:277,48.53,100
34928843,9:42:8:843,48.5,100
34928843,9:42:8:843,48.5,100
34928967,9:42:8:967,48.52,100
34935545,9:42:15:545,48.53,22
34948845,9:42:28:845,48.51,100
34973460,9:42:53:460,48.5399,95
35019339,9:43:39:339,48.56,100
35019340,9:43:39:340,48.55,100
35019426,9:43:39:426,48.56,100
35019583,9:43:39:583,48.57,500
35019583,9:43:39:583,48.57,12
35019583,9:43:39:583,48.57,88
35019584,9:43:39:584,48.57,100
35019584,9:43:39:584,48.57,100
35019589,9:43:39:589,48.57,12
35020059,9:43:40:59,48.57,100
35022450,9:43:42:450,48.56,200
35022451,9:43:42:451,48.55,500
35023040,9:43:43:40,48.57,88
35023042,9:43:43:42,48.57,12
35023078,9:43:43:78,48.55,100
35032753,9:43:52:753,48.55,100
35040251,9:44:0:251,48.54,100
35040252,9:44:0:252,48.54,1
35077368,9:44:37:368,48.52,100
35082675,9:44:42:675,48.52,22
35082675,9:44:42:675,48.52,78
35083363,9:44:43:363,48.52,89
35083364,9:44:43:364,48.52,11
35084456,9:44:44:456,48.52,100
35100050,9:45:0:50,48.54,99
35116312,9:45:16:312,48.54,100
35116319,9:45:16:319,48.54,11
35116319,9:45:16:319,48.54,89
35116607,9:45:16:607,48.55,100
35122378,9:45:22:378,48.55,120
35122381,9:45:22:381,48.55,100
35125867,9:45:25:867,48.53,100
35127918,9:45:27:918,48.53,100
35127919,9:45:27:919,48.53,101
35127919,9:45:27:919,48.53,100
35127942,9:45:27:942,48.52,100
35137912,9:45:37:912,48.52,100
35137912,9:45:37:912,48.52,100
35137940,9:45:37:940,48.52,26
35137948,9:45:37:948,48.51,26
35141576,9:45:41:576,48.49,100
35141576,9:45:41:576,48.49,100
35146111,9:45:46:111,48.5,100
35146111,9:45:46:111,48.5,100
35148175,9:45:48:175,48.49,100
35148175,9:45:48:175,48.49,100
35164845,9:46:4:845,48.5,100
35164845,9:46:4:845,48.5,100
35185256,9:46:25:256,48.48,100
35213615,9:46:53:615,48.49,100
35213615,9:46:53:615,48.49,99
35213616,9:46:53:616,48.48,100
35213616,9:46:53:616,48.48,200
35213616,9:46:53:616,48.48,100
35213616,9:46:53:616,48.48,100
35213618,9:46:53:618,48.49,100
35213622,9:46:53:622,48.48,11
35213626,9:46:53:626,48.47,11
35213626,9:46:53:626,48.48,89
35213896,9:46:53:896,48.48,100
35232989,9:47:12:989,48.505,125
35266454,9:47:46:454,48.52,200
35266455,9:47:46:455,48.52,88
35266455,9:47:46:455,48.51,100
35266455,9:47:46:455,48.51,100
35266455,9:47:46:455,48.52,100
35266466,9:47:46:466,48.53,300
35266467,9:47:46:467,48.53,100
35266467,9:47:46:467,48.52,1
35266468,9:47:46:468,48.52,1
35266474,9:47:46:474,48.53,100
35266546,9:47:46:546,48.52,98
35280294,9:48:0:294,48.52,100
35284289,9:48:4:289,48.54,12
35284289,9:48:4:289,48.54,88
35284289,9:48:4:289,48.54,88
35284289,9:48:4:289,48.54,90
35284289,9:48:4:289,48.54,10
35284289,9:48:4:289,48.53,12
35284289,9:48:4:289,48.53,88
35284289,9:48:4:289,48.54,12
35284289,9:48:4:289,48.54,88
35284289,9:48:4:289,48.54,100
35284289,9:48:4:289,48.54,12
35284289,9:48:4:289,48.54,50
35284289,9:48:4:289,48.53,100
35284289,9:48:4:289,48.54,50
35284289,9:48:4:289,48.54,50
35284289,9:48:4:289,48.54,82
35284289,9:48:4:289,48.54,12
35284289,9:48:4:289,48.54,38
35284289,9:48:4:289,48.54,18
35284290,9:48:4:290,48.54,100
35291909,9:48:11:909,48.54,83
35291911,9:48:11:911,48.54,1
35291911,9:48:11:911,48.54,17
35301115,9:48:21:115,48.57,26
35349013,9:49:9:13,48.54,100
35349013,9:49:9:13,48.54,100
35349013,9:49:9:13,48.54,100
35349013,9:49:9:13,48.54,100
35349013,9:49:9:13,48.55,100
35349013,9:49:9:13,48.54,100
35349032,9:49:9:32,48.53,100
35357673,9:49:17:673,48.54,100
35360407,9:49:20:407,48.53,100
35360408,9:49:20:408,48.53,100
35360409,9:49:20:409,48.52,100
35360409,9:49:20:409,48.52,100
35360409,9:49:20:409,48.53,100
35360409,9:49:20:409,48.52,100
35360411,9:49:20:411,48.52,100
35360419,9:49:20:419,48.52,100
35366887,9:49:26:887,48.51,200
35366888,9:49:26:888,48.51,100
35366888,9:49:26:888,48.51,100
35394779,9:49:54:779,48.495,100
35406860,9:50:6:860,48.5,100
35417039,9:50:17:39,48.5,100
35417039,9:50:17:39,48.5,100
35417039,9:50:17:39,48.5,100
35417049,9:50:17:49,48.5,100
35417577,9:50:17:577,48.5,100
35417577,9:50:17:577,48.5,100
35417690,9:50:17:690,48.5199,1
35424270,9:50:24:270,48.5349,100
35431704,9:50:31:704,48.5,403
35431704,9:50:31:704,48.5,97
35431705,9:50:31:705,48.5,3
35433258,9:50:33:258,48.49,100
35433258,9:50:33:258,48.49,100
35433258,9:50:33:258,48.49,10
35433629,9:50:33:629,48.49,100
35467887,9:51:7:887,48.49,100
35467888,9:51:7:888,48.49,100
35467888,9:51:7:888,48.49,100
35476472,9:51:16:472,48.4957,16
35480398,9:51:20:398,48.48,100
35480398,9:51:20:398,48.48,100
35480399,9:51:20:399,48.48,64
35480399,9:51:20:399,48.48,36
35480399,9:51:20:399,48.48,64
35480400,9:51:20:400,48.47,100
35480401,9:51:20:401,48.47,66
35480402,9:51:20:402,48.47,34
35480449,9:51:20:449,48.47,100
35481152,9:51:21:152,48.46,100
35508780,9:51:48:780,48.48,100
35508780,9:51:48:780,48.48,100
35508780,9:51:48:780,48.48,12
35508780,9:51:48:780,48.48,100
35508780,9:51:48:780,48.48,188
35510239,9:51:50:239,48.48,200
35525477,9:52:5:477,48.49,92
35526711,9:52:6:711,48.49,8
35529937,9:52:9:937,48.48,100
35529937,9:52:9:937,48.48,100
35529937,9:52:9:937,48.48,100
35529938,9:52:9:938,48.48,100
35529940,9:52:9:940,48.48,19
35529971,9:52:9:971,48.47,100
35540179,9:52:20:179,48.47,4
35549643,9:52:29:643,48.5,100
35549643,9:52:29:643,48.5,100
35549643,9:52:29:643,48.5,100
35549645,9:52:29:645,48.51,100
35549656,9:52:29:656,48.5,100
35567699,9:52:47:699,48.49,200
35568211,9:52:48:211,48.5,5
35620155,9:53:40:155,48.49,100
35635013,9:53:55:13,48.48,100
35635013,9:53:55:13,48.48,1
35649334,9:54:9:334,48.48,100
35649334,9:54:9:334,48.47,84
35649334,9:54:9:334,48.47,100
35649334,9:54:9:334,48.47,16
35649334,9:54:9:334,48.47,96
35649335,9:54:9:335,48.48,100
35649335,9:54:9:335,48.47,100
35649338,9:54:9:338,48.47,100
35660949,9:54:20:949,48.49,137
35660965,9:54:20:965,48.489,100
35664889,9:54:24:889,48.49,20
35668058,9:54:28:58,48.47,100
35678553,9:54:38:553,48.4853,3
35684889,9:54:44:889,48.49,20
35687344,9:54:47:344,48.49,20
35688846,9:54:48:846,48.49,20
35692561,9:54:52:561,48.49,20
35692568,9:54:52:568,48.49,20
35695332,9:54:55:332,48.49,200
35695531,9:54:55:531,48.49,100
35696556,9:54:56:556,48.49,20
35699046,9:54:59:46,48.47,100
35699072,9:54:59:72,48.49,20
35700211,9:55:0:211,48.49,20
35700212,9:55:0:212,48.49,20
35700877,9:55:0:877,48.49,20
35700877,9:55:0:877,48.49,80
35700877,9:55:0:877,48.49,120
35708592,9:55:8:592,48.485,100
35710026,9:55:10:26,48.49,100
35723456,9:55:23:456,48.5,100
35723462,9:55:23:462,48.5,100
35733620,9:55:33:620,48.5,100
35733620,9:55:33:620,48.5,100
35733620,9:55:33:620,48.5,100
35733620,9:55:33:620,48.5,100
35733620,9:55:33:620,48.5,100
35733620,9:55:33:620,48.5,95
35733621,9:55:33:621,48.5,5
35733622,9:55:33:622,48.5,100
35733622,9:55:33:622,48.5,100
35733622,9:55:33:622,48.5,17
35733622,9:55:33:622,48.5,17
35733622,9:55:33:622,48.5,17
35733622,9:55:33:622,48.5,17
35733622,9:55:33:622,48.5,17
35733623,9:55:33:623,48.5,100
35741883,9:55:41:883,48.49,100
35741883,9:55:41:883,48.49,200
35741886,9:55:41:886,48.48,100
35741887,9:55:41:887,48.48,100
35745335,9:55:45:335,48.47,102
35746004,9:55:46:4,48.47,100
35747485,9:55:47:485,48.48,20
35750767,9:55:50:767,48.48,20
35752212,9:55:52:212,48.48,10
35759249,9:55:59:249,48.5,20
35833773,9:57:13:773,48.4872,27
35833907,9:57:13:907,48.49,100
35833909,9:57:13:909,48.48,100
35833909,9:57:13:909,48.48,501
35833909,9:57:13:909,48.48,99
35833909,9:57:13:909,48.48,1
35833930,9:57:13:930,48.47,300
35840192,9:57:20:192,48.472,50
35840421,9:57:20:421,48.472,1
35848270,9:57:28:270,48.48,100
35853495,9:57:33:495,48.47,100
35853495,9:57:33:495,48.47,100
35862763,9:57:42:763,48.47,100
35871948,9:57:51:948,48.46,38
35871968,9:57:51:968,48.47,100
35871980,9:57:51:980,48.47,100
35872361,9:57:52:361,48.47,100
35872361,9:57:52:361,48.47,100
35872361,9:57:52:361,48.47,200
35872361,9:57:52:361,48.47,100
35872776,9:57:52:776,48.48,20
35892845,9:58:12:845,48.49,100
35905926,9:58:25:926,48.49,64
35908135,9:58:28:135,48.49,100
35908135,9:58:28:135,48.49,200
35908135,9:58:28:135,48.49,100
35908136,9:58:28:136,48.49,100
35908143,9:58:28:143,48.47,100
35908150,9:58:28:150,48.47,100
35934961,9:58:54:961,48.48,100
35934961,9:58:54:961,48.48,100
35935157,9:58:55:157,48.48,100
35966245,9:59:26:245,48.47,8
35981679,9:59:41:679,48.5,100
35981679,9:59:41:679,48.5,100
35981679,9:59:41:679,48.5,13
35981682,9:59:41:682,48.52,12
35981868,9:59:41:868,48.5,100
35982611,9:59:42:611,48.52,200
35982612,9:59:42:612,48.52,100
35982612,9:59:42:612,48.52,100
35982612,9:59:42:612,48.52,100
35982612,9:59:42:612,48.52,100
35982612,9:59:42:612,48.52,6
35982678,9:59:42:678,48.52,100
35982679,9:59:42:679,48.52,100
35986252,9:59:46:252,48.51,35
35986253,9:59:46:253,48.51,565
35986253,9:59:46:253,48.51,1
35986253,9:59:46:253,48.515,100
35986253,9:59:46:253,48.51,100
35986254,9:59:46:254,48.51,100
35986256,9:59:46:256,48.515,100
35986258,9:59:46:258,48.51,100
35987075,9:59:47:75,48.51,100
35987294,9:59:47:294,48.51,100
35988813,9:59:48:813,48.51,100
35991258,9:59:51:258,48.5,5
35999117,9:59:59:117,48.51,100
35999117,9:59:59:117,48.51,100
36007202,10:0:7:202,48.51,100
36008028,10:0:8:28,48.52,108
36018489,10:0:18:489,48.51,100
36018801,10:0:18:801,48.51,100
36022520,10:0:22:520,48.51,100
36022916,10:0:22:916,48.51,100
36022917,10:0:22:917,48.51,100
36022917,10:0:22:917,48.51,69
36022917,10:0:22:917,48.51,31
36024377,10:0:24:377,48.4905,200
36024406,10:0:24:406,48.5,100
36029347,10:0:29:347,48.51,100
36029389,10:0:29:389,48.51,100
36029391,10:0:29:391,48.51,10
36033182,10:0:33:182,48.51,100
36033184,10:0:33:184,48.5,100
36033184,10:0:33:184,48.5,195
36033184,10:0:33:184,48.5,1000
36033185,10:0:33:185,48.5,100
36033185,10:0:33:185,48.49,102
36044212,10:0:44:212,48.48,100
36044212,10:0:44:212,48.48,100
36044212,10:0:44:212,48.48,100
36044213,10:0:44:213,48.47,50
36044215,10:0:44:215,48.48,213
36044224,10:0:44:224,48.47,100
36044226,10:0:44:226,48.46,100
36044226,10:0:44:226,48.47,92
36045233,10:0:45:233,48.465,100
36045258,10:0:45:258,48.465,100
36046620,10:0:46:620,48.4911,100
36052199,10:0:52:199,48.48,100
36053021,10:0:53:21,48.5,26
36065809,10:1:5:809,48.49,100
36066935,10:1:6:935,48.49,100
36072999,10:1:12:999,48.48,100
36073001,10:1:13:1,48.47,100
36078522,10:1:18:522,48.47,100
36082295,10:1:22:295,48.47,2
36085854,10:1:25:854,48.47,100
36085855,10:1:25:855,48.47,100
36086241,10:1:26:241,48.47,100
36086242,10:1:26:242,48.47,100
36092317,10:1:32:317,48.47,100
36096509,10:1:36:509,48.47,1
36117041,10:1:57:41,48.4627,1
36117063,10:1:57:63,48.47,100
36117063,10:1:57:63,48.47,100
36117071,10:1:57:71,48.47,100
36119953,10:1:59:953,48.47,100
36119953,10:1:59:953,48.47,100
36169127,10:2:49:127,48.47,26
36169127,10:2:49:127,48.47,100
36169127,10:2:49:127,48.47,1
36169131,10:2:49:131,48.47,98
36169256,10:2:49:256,48.47,100
36169499,10:2:49:499,48.47,100
36169838,10:2:49:838,48.47,100
36169838,10:2:49:838,48.47,10
36169838,10:2:49:838,48.47,90
36169838,10:2:49:838,48.47,10
36169838,10:2:49:838,48.47,100
36169838,10:2:49:838,48.47,2
36169838,10:2:49:838,48.47,12
36169839,10:2:49:839,48.47,62
36169839,10:2:49:839,48.47,100
36169840,10:2:49:840,48.47,100
36169840,10:2:49:840,48.47,100
36169840,10:2:49:840,48.47,100
36169843,10:2:49:843,48.47,100
36170058,10:2:50:58,48.47,77
36170058,10:2:50:58,48.47,2
36170061,10:2:50:61,48.47,21
36170069,10:2:50:69,48.47,10
36170069,10:2:50:69,48.47,90
36171678,10:2:51:678,48.47,2
36172592,10:2:52:592,48.47,200
36178603,10:2:58:603,48.46,100
36178603,10:2:58:603,48.46,500
36178603,10:2:58:603,48.46,100
36178603,10:2:58:603,48.46,63
36178603,10:2:58:603,48.46,112
36178603,10:2:58:603,48.46,88
36178603,10:2:58:603,48.46,12
36178611,10:2:58:611,48.46,100
36178944,10:2:58:944,48.46,100
36179257,10:2:59:257,48.46,200
36179502,10:2:59:502,48.45,200
36179503,10:2:59:503,48.45,100
36179503,10:2:59:503,48.45,100
36179503,10:2:59:503,48.45,100
36179504,10:2:59:504,48.45,100
36179504,10:2:59:504,48.45,5
36179504,10:2:59:504,48.45,21
36179504,10:2:59:504,48.45,15
36179504,10:2:59:504,48.45,84
36179504,10:2:59:504,48.45,85
36179505,10:2:59:505,48.45,63
36179506,10:2:59:506,48.46,21
36179507,10:2:59:507,48.45,37
36179507,10:2:59:507,48.46,100
36179510,10:2:59:510,48.46,100
36179510,10:2:59:510,48.46,100
36179510,10:2:59:510,48.46,100
36179510,10:2:59:510,48.46,10
36179510,10:2:59:510,48.46,10
36182006,10:3:2:6,48.465,100
36183627,10:3:3:627,48.46,2
36183627,10:3:3:627,48.47,18
36185211,10:3:5:211,48.46,100
36197600,10:3:17:600,48.45,72
36197600,10:3:17:600,48.45,100
36197601,10:3:17:601,48.45,100
36197608,10:3:17:608,48.44,78
36200599,10:3:20:599,48.44,100
36200599,10:3:20:599,48.44,100
36200749,10:3:20:749,48.42,22
36200750,10:3:20:750,48.43,100
36200751,10:3:20:751,48.43,23
36200751,10:3:20:751,48.43,22
36200751,10:3:20:751,48.43,78
36200751,10:3:20:751,48.44,2
36200752,10:3:20:752,48.43,100
36200752,10:3:20:752,48.43,100
36200752,10:3:20:752,48.43,100
36200752,10:3:20:752,48.43,10
36200752,10:3:20:752,48.43,10
36200752,10:3:20:752,48.43,10
36200752,10:3:20:752,48.43,100
36200752,10:3:20:752,48.43,100
36201093,10:3:21:93,48.44,100
36201328,10:3:21:328,48.44,100
36209041,10:3:29:41,48.43,100
36209041,10:3:29:41,48.43,100
36221219,10:3:41:219,48.43,100
36221222,10:3:41:222,48.43,400
36221225,10:3:41:225,48.43,100
36242378,10:4:2:378,48.42,100
36247250,10:4:7:250,48.42,100
36247254,10:4:7:254,48.43,100
36250099,10:4:10:99,48.43,76
36250100,10:4:10:100,48.43,12
36253413,10:4:13:413,48.43,200
36274284,10:4:34:284,48.42,100
36274284,10:4:34:284,48.42,100
36274284,10:4:34:284,48.42,100
36274284,10:4:34:284,48.42,100
36274355,10:4:34:355,48.42,100
36274898,10:4:34:898,48.415,100
36275437,10:4:35:437,48.42,100
36275483,10:4:35:483,48.42,100
36275531,10:4:35:531,48.42,100
36275532,10:4:35:532,48.42,22
36275533,10:4:35:533,48.42,178
36275538,10:4:35:538,48.42,100
36276264,10:4:36:264,48.43,200
36276264,10:4:36:264,48.43,100
36276433,10:4:36:433,48.43,100
36276440,10:4:36:440,48.43,100
36289250,10:4:49:250,48.42,100
36299429,10:4:59:429,48.42,100
36299429,10:4:59:429,48.42,100
36299430,10:4:59:430,48.42,100
36299461,10:4:59:461,48.42,100
36299461,10:4:59:461,48.42,100
36299465,10:4:59:465,48.43,100
36307949,10:5:7:949,48.42,100
36307949,10:5:7:949,48.42,100
36314694,10:5:14:694,48.41,45
36361506,10:6:1:506,48.43,400
36361506,10:6:1:506,48.43,10
36366672,10:6:6:672,48.42,100
36366675,10:6:6:675,48.42,10
36366675,10:6:6:675,48.42,90
36368198,10:6:8:198,48.42,29
36368266,10:6:8:266,48.42,100
36368276,10:6:8:276,48.42,10
36368276,10:6:8:276,48.42,10
36373343,10:6:13:343,48.42,63
36373343,10:6:13:343,48.42,100
36373343,10:6:13:343,48.42,100
36373343,10:6:13:343,48.42,100
36373343,10:6:13:343,48.42,37
36373343,10:6:13:343,48.42,10
36373349,10:6:13:349,48.42,100
36373356,10:6:13:356,48.42,100
36381647,10:6:21:647,48.41,100
36381653,10:6:21:653,48.41,100
36381657,10:6:21:657,48.42,100
36381896,10:6:21:896,48.41,100
36381989,10:6:21:989,48.42,100
36391569,10:6:31:569,48.41,100
36391569,10:6:31:569,48.41,100
36391569,10:6:31:569,48.41,100
36391570,10:6:31:570,48.41,5
36391570,10:6:31:570,48.41,100
36391570,10:6:31:570,48.41,100
36391570,10:6:31:570,48.41,100
36391571,10:6:31:571,48.415,100
36391581,10:6:31:581,48.4,100
36416005,10:6:56:5,48.41,100
36416010,10:6:56:10,48.4,100
36420672,10:7:0:672,48.41,100
36420672,10:7:0:672,48.41,32
36420674,10:7:0:674,48.41,58
36425041,10:7:5:41,48.4,100
36425042,10:7:5:42,48.4,200
36425042,10:7:5:42,48.4,100
36425047,10:7:5:47,48.39,100
36426419,10:7:6:419,48.4,100
36428275,10:7:8:275,48.4,100
36428280,10:7:8:280,48.4,100
36430184,10:7:10:184,48.4,100
36430192,10:7:10:192,48.4,100
36430201,10:7:10:201,48.4,100
36430201,10:7:10:201,48.4,2
36430483,10:7:10:483,48.4,200
36430484,10:7:10:484,48.4,10
36430485,10:7:10:485,48.4,10
36430533,10:7:10:533,48.39,100
36430533,10:7:10:533,48.4,100
36456441,10:7:36:441,48.396,45
36456449,10:7:36:449,48.39,100
36456449,10:7:36:449,48.39,100
36456449,10:7:36:449,48.39,501
36456449,10:7:36:449,48.39,100
36456449,10:7:36:449,48.39,100
36456450,10:7:36:450,48.39,100
36456450,10:7:36:450,48.39,100
36456468,10:7:36:468,48.39,100
36456975,10:7:36:975,48.38,200
36456975,10:7:36:975,48.385,100
36456975,10:7:36:975,48.38,100
36456975,10:7:36:975,48.38,100
36457352,10:7:37:352,48.37,100
36457352,10:7:37:352,48.37,100
36457731,10:7:37:731,48.37,100
36457747,10:7:37:747,48.36,100
36457748,10:7:37:748,48.36,1
36457748,10:7:37:748,48.36,100
36457749,10:7:37:749,48.37,100
36457749,10:7:37:749,48.36,100
36457824,10:7:37:824,48.37,100
36460832,10:7:40:832,48.37,100
36462469,10:7:42:469,48.36,100
36462469,10:7:42:469,48.36,100
36462469,10:7:42:469,48.36,100
36462469,10:7:42:469,48.36,100
36463968,10:7:43:968,48.35,100
36469729,10:7:49:729,48.35,100
36469729,10:7:49:729,48.35,100
36469729,10:7:49:729,48.35,100
36470176,10:7:50:176,48.35,100
36470176,10:7:50:176,48.35,100
36470176,10:7:50:176,48.35,100
36470178,10:7:50:178,48.36,23
36470182,10:7:50:182,48.35,10
36470182,10:7:50:182,48.35,10
36470182,10:7:50:182,48.35,10
36470182,10:7:50:182,48.35,10
36470182,10:7:50:182,48.35,60
36478735,10:7:58:735,48.3501,700
36485251,10:8:5:251,48.355,100
36485311,10:8:5:311,48.35,200
36485445,10:8:5:445,48.35,100
36486717,10:8:6:717,48.355,100
36487822,10:8:7:822,48.36,100
36487822,10:8:7:822,48.36,100
36487822,10:8:7:822,48.36,102
36489205,10:8:9:205,48.37,100
36489211,10:8:9:211,48.37,100
36491606,10:8:11:606,48.37,100
36491607,10:8:11:607,48.37,100
36491607,10:8:11:607,48.37,100
36491607,10:8:11:607,48.37,200
36491607,10:8:11:607,48.37,100
36491607,10:8:11:607,48.37,60
36491607,10:8:11:607,48.37,2
36491608,10:8:11:608,48.38,10
36493185,10:8:13:185,48.37,100
36494610,10:8:14:610,48.38,102
36494611,10:8:14:611,48.38,100
36494611,10:8:14:611,48.38,10
36494611,10:8:14:611,48.38,90
36496688,10:8:16:688,48.37,100
36502429,10:8:22:429,48.38,100
36502436,10:8:22:436,48.38,100
36502485,10:8:22:485,48.3825,100
36502506,10:8:22:506,48.38,100
36502565,10:8:22:565,48.38,100
36506268,10:8:26:268,48.37,100
36506270,10:8:26:270,48.37,100
36506304,10:8:26:304,48.36,100
36507124,10:8:27:124,48.37,100
36507124,10:8:27:124,48.37,60
36507292,10:8:27:292,48.36,102
36527824,10:8:47:824,48.3799,1
36527973,10:8:47:973,48.36,5
36527973,10:8:47:973,48.36,10
36527973,10:8:47:973,48.36,85
36545920,10:9:5:920,48.37,20
36547123,10:9:7:123,48.35,39
36547123,10:9:7:123,48.35,97
36547123,10:9:7:123,48.35,150
36547123,10:9:7:123,48.35,253
36547123,10:9:7:123,48.35,100
36547124,10:9:7:124,48.35,67
36547124,10:9:7:124,48.35,100
36547124,10:9:7:124,48.35,100
36547326,10:9:7:326,48.35,100
36548140,10:9:8:140,48.35,100
36548250,10:9:8:250,48.35,100
36550675,10:9:10:675,48.35,100
36564795,10:9:24:795,48.345,100
36564819,10:9:24:819,48.35,100
36564852,10:9:24:852,48.35,200
36564852,10:9:24:852,48.35,7
36564852,10:9:24:852,48.35,93
36564852,10:9:24:852,48.35,100
36564852,10:9:24:852,48.35,100
36564852,10:9:24:852,48.35,61
36564855,10:9:24:855,48.35,39
36564862,10:9:24:862,48.35,100
36564985,10:9:24:985,48.35,10
36564989,10:9:24:989,48.35,100
36568657,10:9:28:657,48.35,100
36570508,10:9:30:508,48.3455,106
36578796,10:9:38:796,48.36,100
36578796,10:9:38:796,48.35,100
36583411,10:9:43:411,48.35,100
36585264,10:9:45:264,48.345,100
36586728,10:9:46:728,48.3475,100
36587936,10:9:47:936,48.35,200
36587936,10:9:47:936,48.35,100
36587936,10:9:47:936,48.35,100
36587937,10:9:47:937,48.36,8
36587937,10:9:47:937,48.36,2
36587975,10:9:47:975,48.36,100
36590111,10:9:50:111,48.3527,105
36591874,10:9:51:874,48.35,100
36591884,10:9:51:884,48.35,100
36591938,10:9:51:938,48.35,100
36595505,10:9:55:505,48.35,27
36595561,10:9:55:561,48.35,100
36595571,10:9:55:571,48.35,74
36596259,10:9:56:259,48.3425,100
36596314,10:9:56:314,48.35,100
36596333,10:9:56:333,48.34,100
36603036,10:10:3:36,48.35,26
36603036,10:10:3:36,48.35,34
36603102,10:10:3:102,48.35,100
36603159,10:10:3:159,48.35,66
36603159,10:10:3:159,48.35,34
36603164,10:10:3:164,48.36,100
36603165,10:10:3:165,48.36,100
36603165,10:10:3:165,48.36,100
36603165,10:10:3:165,48.36,100
36603166,10:10:3:166,48.36,66
36603180,10:10:3:180,48.37,73
36603211,10:10:3:211,48.37,100
36604514,10:10:4:514,48.35,15
36604515,10:10:4:515,48.35,7
36604516,10:10:4:516,48.35,39
36612940,10:10:12:940,48.3454,106
36623062,10:10:23:62,48.36,100
36623062,10:10:23:62,48.36,100
36623063,10:10:23:63,48.36,10
36626228,10:10:26:228,48.37,54
36638961,10:10:38:961,48.3554,106
36650664,10:10:50:664,48.3699,1
36679270,10:11:19:270,48.3599,59
36680151,10:11:20:151,48.35,3224
36680163,10:11:20:163,48.35,100
36680223,10:11:20:223,48.35,100
36684685,10:11:24:685,48.35,100
36692092,10:11:32:92,48.34,100
36692092,10:11:32:92,48.34,5
36692092,10:11:32:92,48.34,100
36692092,10:11:32:92,48.34,100
36692093,10:11:32:93,48.33,200
36692093,10:11:32:93,48.33,100
36692093,10:11:32:93,48.33,100
36692093,10:11:32:93,48.33,100
36692112,10:11:32:112,48.32,1
36693099,10:11:33:99,48.33,100
36694109,10:11:34:109,48.33,100
36694151,10:11:34:151,48.3275,100
36694505,10:11:34:505,48.33,100
36694507,10:11:34:507,48.33,100
36695057,10:11:35:57,48.32,100
36695057,10:11:35:57,48.32,100
36695080,10:11:35:80,48.32,100
36695115,10:11:35:115,48.32,89
36695121,10:11:35:121,48.3127,16
36695176,10:11:35:176,48.33,100
36695183,10:11:35:183,48.33,100
36695240,10:11:35:240,48.33,100
36695240,10:11:35:240,48.33,100
36695240,10:11:35:240,48.33,100
36695241,10:11:35:241,48.33,2
36695241,10:11:35:241,48.33,100
36695551,10:11:35:551,48.32,100
36695554,10:11:35:554,48.32,100
36696277,10:11:36:277,48.34,200
36696468,10:11:36:468,48.34,100
36698008,10:11:38:8,48.35,100
36699703,10:11:39:703,48.35,100
36702859,10:11:42:859,48.34,200
36702859,10:11:42:859,48.34,100
36702894,10:11:42:894,48.33,100
36702894,10:11:42:894,48.33,100
36703350,10:11:43:350,48.34,100
36704734,10:11:44:734,48.32,100
36709070,10:11:49:70,48.33,100
36712771,10:11:52:771,48.33,100
36712781,10:11:52:781,48.33,100
36712867,10:11:52:867,48.33,100
36712868,10:11:52:868,48.33,100
36712892,10:11:52:892,48.3205,100
36712894,10:11:52:894,48.33,100
36713010,10:11:53:10,48.33,100
36713012,10:11:53:12,48.3205,100
36713030,10:11:53:30,48.3205,100
36713032,10:11:53:32,48.33,100
36713096,10:11:53:96,48.31,100
36713105,10:11:53:105,48.32,100
36721991,10:12:1:991,48.32,100
36723709,10:12:3:709,48.32,1
36723712,10:12:3:712,48.31,1
36724458,10:12:4:458,48.33,100
36725050,10:12:5:50,48.31,100
36725051,10:12:5:51,48.31,100
36725051,10:12:5:51,48.31,100
36725080,10:12:5:80,48.31,100
36725208,10:12:5:208,48.31,100
36725216,10:12:5:216,48.31,100
36726187,10:12:6:187,48.33,20
36726800,10:12:6:800,48.32,100
36726800,10:12:6:800,48.3,100
36726923,10:12:6:923,48.3,200
36727692,10:12:7:692,48.33,100
36728131,10:12:8:131,48.3,1
36742007,10:12:22:7,48.34,100
36742007,10:12:22:7,48.34,100
36742008,10:12:22:8,48.34,100
36742008,10:12:22:8,48.34,100
36747505,10:12:27:505,48.34,200
36768175,10:12:48:175,48.32,300
36772736,10:12:52:736,48.31,14
36772737,10:12:52:737,48.31,3
36798802,10:13:18:802,48.33,100
36798802,10:13:18:802,48.33,100
36798901,10:13:18:901,48.34,100
36798901,10:13:18:901,48.34,100
36798902,10:13:18:902,48.34,100
36798902,10:13:18:902,48.34,100
36798944,10:13:18:944,48.34,100
36798944,10:13:18:944,48.34,100
36798945,10:13:18:945,48.34,100
36798945,10:13:18:945,48.34,10
36798945,10:13:18:945,48.34,10
36798945,10:13:18:945,48.34,10
36798945,10:13:18:945,48.34,100
36807931,10:13:27:931,48.34,100
36811233,10:13:31:233,48.3339,148
36811234,10:13:31:234,48.33,400
36811234,10:13:31:234,48.33,100
36811234,10:13:31:234,48.33,100
36811235,10:13:31:235,48.33,21
36811235,10:13:31:235,48.33,400
36812240,10:13:32:240,48.335,100
36812245,10:13:32:245,48.33,48
36813534,10:13:33:534,48.34,100
36814527,10:13:34:527,48.34,100
36814527,10:13:34:527,48.34,200
36814527,10:13:34:527,48.335,100
36822808,10:13:42:808,48.35,105
36822809,10:13:42:809,48.35,100
36832533,10:13:52:533,48.35,200
36836515,10:13:56:515,48.34,13
36836515,10:13:56:515,48.34,54
36868652,10:14:28:652,48.3797,121
36898836,10:14:58:836,48.37,20
36901894,10:15:1:894,48.363,125
36914032,10:15:14:32,48.37,100
36919925,10:15:19:925,48.37,1
36919926,10:15:19:926,48.37,1
36919926,10:15:19:926,48.37,4
36922431,10:15:22:431,48.365,100
36925332,10:15:25:332,48.3699,2
36937025,10:15:37:25,48.37,100
36939415,10:15:39:415,48.37,100
36939417,10:15:39:417,48.37,100
36939417,10:15:39:417,48.37,200
36963831,10:16:3:831,48.37,100
36971346,10:16:11:346,48.3601,225
36977613,10:16:17:613,48.37,100
36979625,10:16:19:625,48.36,85
36979626,10:16:19:626,48.36,100
36982549,10:16:22:549,48.36,100
36982549,10:16:22:549,48.36,100
36982549,10:16:22:549,48.36,9
36982549,10:16:22:549,48.36,100
36982549,10:16:22:549,48.36,41
36982549,10:16:22:549,48.36,6
36988550,10:16:28:550,48.35,203
36988551,10:16:28:551,48.35,100
36988560,10:16:28:560,48.34,46
36988560,10:16:28:560,48.34,100
36988560,10:16:28:560,48.34,58
36988561,10:16:28:561,48.34,100
36988568,10:16:28:568,48.33,100
36988569,10:16:28:569,48.33,100
36988569,10:16:28:569,48.32,100
36988574,10:16:28:574,48.32,53
36989552,10:16:29:552,48.33,100
36995198,10:16:35:198,48.32,39
36995204,10:16:35:204,48.315,100
36997769,10:16:37:769,48.32,1
37003437,10:16:43:437,48.31,1
37007305,10:16:47:305,48.31,100
37007860,10:16:47:860,48.31,100
37007867,10:16:47:867,48.31,200
37019308,10:16:59:308,48.31,100
37027510,10:17:7:510,48.31,100
37034447,10:17:14:447,48.3,145
37034447,10:17:14:447,48.3,55
37034447,10:17:14:447,48.3,95
37034447,10:17:14:447,48.3,5
37044024,10:17:24:24,48.3,100
37044047,10:17:24:47,48.3,100
37044092,10:17:24:92,48.3,100
37044093,10:17:24:93,48.3,100
37044123,10:17:24:123,48.31,100
37057303,10:17:37:303,48.3,200
37071873,10:17:51:873,48.31,100
37083847,10:18:3:847,48.3,68
37085514,10:18:5:514,48.31,100
37085515,10:18:5:515,48.31,100
37087609,10:18:7:609,48.31,100
37091654,10:18:11:654,48.3074,100
37139607,10:18:59:607,48.31,100
37143276,10:19:3:276,48.31,200
37143277,10:19:3:277,48.32,100
37143875,10:19:3:875,48.315,10
37147580,10:19:7:580,48.31,3
37152241,10:19:12:241,48.32,100
37181238,10:19:41:238,48.32,200
37185335,10:19:45:335,48.31,63
37185335,10:19:45:335,48.31,63
37185335,10:19:45:335,48.31,37
37185335,10:19:45:335,48.31,37
37185335,10:19:45:335,48.31,92
37185335,10:19:45:335,48.31,8
37185335,10:19:45:335,48.315,30
37185335,10:19:45:335,48.315,30
37185336,10:19:45:336,48.315,10
37185336,10:19:45:336,48.31,20
37185336,10:19:45:336,48.31,10
37186337,10:19:46:337,48.31,100
37186337,10:19:46:337,48.31,100
37187338,10:19:47:338,48.31,100
37199026,10:19:59:26,48.3,100
37199026,10:19:59:26,48.3,100
37199028,10:19:59:28,48.29,200
37199031,10:19:59:31,48.29,300
37199985,10:19:59:985,48.29,5
37199985,10:19:59:985,48.28,57
37199986,10:19:59:986,48.28,43
37199986,10:19:59:986,48.28,100
37199986,10:19:59:986,48.28,58
37199986,10:19:59:986,48.28,49
37200540,10:20:0:540,48.29,6
37200540,10:20:0:540,48.29,100
37200540,10:20:0:540,48.29,54
37209374,10:20:9:374,48.28,20
37227415,10:20:27:415,48.29,100
37227415,10:20:27:415,48.29,100
37227417,10:20:27:417,48.29,100
37249610,10:20:49:610,48.27,100
37249610,10:20:49:610,48.275,3
37249610,10:20:49:610,48.27,97
37249610,10:20:49:610,48.27,3
37249610,10:20:49:610,48.27,67
37249610,10:20:49:610,48.27,33
37249610,10:20:49:610,48.27,6
37249610,10:20:49:610,48.27,2
37249620,10:20:49:620,48.2672,1079
37249620,10:20:49:620,48.2672,196
37252453,10:20:52:453,48.27,100
37252453,10:20:52:453,48.27,200
37252453,10:20:52:453,48.27,100
37252453,10:20:52:453,48.27,100
37252453,10:20:52:453,48.27,100
37252453,10:20:52:453,48.27,2
37252453,10:20:52:453,48.27,100
37252453,10:20:52:453,48.27,100
37252454,10:20:52:454,48.27,2
37252455,10:20:52:455,48.275,100
37252455,10:20:52:455,48.28,400
37252455,10:20:52:455,48.28,100
37252455,10:20:52:455,48.28,100
37252456,10:20:52:456,48.29,15
37255930,10:20:55:930,48.28,100
37259967,10:20:59:967,48.285,100
37261522,10:21:1:522,48.29,100
37261531,10:21:1:531,48.29,100
37261637,10:21:1:637,48.29,100
37262019,10:21:2:19,48.29,100
37262020,10:21:2:20,48.29,100
37265531,10:21:5:531,48.28,100
37265531,10:21:5:531,48.28,100
37265536,10:21:5:536,48.28,100
37265539,10:21:5:539,48.28,100
37268836,10:21:8:836,48.29,100
37288576,10:21:28:576,48.29,150
37288576,10:21:28:576,48.29,100
37288576,10:21:28:576,48.29,150
37288576,10:21:28:576,48.29,200
37288577,10:21:28:577,48.29,100
37288577,10:21:28:577,48.29,100
37297856,10:21:37:856,48.31,100
37297856,10:21:37:856,48.31,100
37297858,10:21:37:858,48.32,12
37297858,10:21:37:858,48.32,88
37300823,10:21:40:823,48.32,100
37300823,10:21:40:823,48.32,200
37300823,10:21:40:823,48.32,100
37300823,10:21:40:823,48.32,100
37300823,10:21:40:823,48.32,100
37303223,10:21:43:223,48.33,200
37307464,10:21:47:464,48.32,100
37307464,10:21:47:464,48.32,500
37309162,10:21:49:162,48.31,100
37312060,10:21:52:60,48.3,63
37312255,10:21:52:255,48.3,1
37316802,10:21:56:802,48.31,100
37316802,10:21:56:802,48.31,100
37319778,10:21:59:778,48.31,10
37326572,10:22:6:572,48.32,100
37326572,10:22:6:572,48.32,82
37326572,10:22:6:572,48.32,18
37326572,10:22:6:572,48.32,100
37326573,10:22:6:573,48.33,100
37333470,10:22:13:470,48.3239,400
37334081,10:22:14:81,48.325,100
37336306,10:22:16:306,48.33,5
37336306,10:22:16:306,48.33,100
37336343,10:22:16:343,48.3324,123
37336363,10:22:16:363,48.33,100
37337339,10:22:17:339,48.33,300
37346612,10:22:26:612,48.33,400
37346612,10:22:26:612,48.33,100
37346614,10:22:26:614,48.32,89
37346614,10:22:26:614,48.32,100
37346614,10:22:26:614,48.32,24
37346614,10:22:26:614,48.32,100
37346614,10:22:26:614,48.32,100
37346614,10:22:26:614,48.32,100
37371052,10:22:51:52,48.31,20
37371054,10:22:51:54,48.3195,20
37380101,10:23:0:101,48.31,10
37383015,10:23:3:15,48.31,100
37384085,10:23:4:85,48.31,80
37384085,10:23:4:85,48.3,20
37384085,10:23:4:85,48.31,1
37411014,10:23:31:14,48.32,100
37411018,10:23:31:18,48.32,100
37434559,10:23:54:559,48.31,100
37441230,10:24:1:230,48.3097,100
37455671,10:24:15:671,48.3,100
37455675,10:24:15:675,48.3,10
37456315,10:24:16:315,48.3,11
37458014,10:24:18:14,48.3115,9
37475647,10:24:35:647,48.31,26
37491554,10:24:51:554,48.31,74
37529826,10:25:29:826,48.3,100
37529826,10:25:29:826,48.3,100
37529826,10:25:29:826,48.3,80
37529826,10:25:29:826,48.3,200
37529827,10:25:29:827,48.3,23
37531404,10:25:31:404,48.3,100
37531651,10:25:31:651,48.295,100
37533314,10:25:33:314,48.3,300
37533317,10:25:33:317,48.3,100
37537843,10:25:37:843,48.31,100
37542532,10:25:42:532,48.291,2
37547431,10:25:47:431,48.29,400
37547431,10:25:47:431,48.29,8
37570142,10:26:10:142,48.28,100
37570143,10:26:10:143,48.28,100
37570143,10:26:10:143,48.28,20
37578113,10:26:18:113,48.28,1
37578121,10:26:18:121,48.28,100
37579199,10:26:19:199,48.27,100
37579199,10:26:19:199,48.28,99
37579199,10:26:19:199,48.28,1
37579199,10:26:19:199,48.27,599
37579199,10:26:19:199,48.27,100
37603276,10:26:43:276,48.28,10
37609534,10:26:49:534,48.28,100
37618367,10:26:58:367,48.281,100
37619039,10:26:59:39,48.27,100
37619039,10:26:59:39,48.27,100
37619039,10:26:59:39,48.27,100
37619040,10:26:59:40,48.27,58
37641865,10:27:21:865,48.29,95
37641865,10:27:21:865,48.29,5
37643310,10:27:23:310,48.285,100
37648611,10:27:28:611,48.28,100
37656898,10:27:36:898,48.28,100
37656898,10:27:36:898,48.28,100
37656898,10:27:36:898,48.28,200
37656929,10:27:36:929,48.28,11
37696806,10:28:16:806,48.28,100
37696806,10:28:16:806,48.28,200
37696807,10:28:16:807,48.28,100
37696811,10:28:16:811,48.28,100
37696868,10:28:16:868,48.28,100
37697810,10:28:17:810,48.28,100
37727613,10:28:47:613,48.28,100
37732408,10:28:52:408,48.28,100
37732408,10:28:52:408,48.28,36
37732408,10:28:52:408,48.28,2
37732410,10:28:52:410,48.28,100
37732427,10:28:52:427,48.2801,182
37778509,10:29:38:509,48.29,300
37778509,10:29:38:509,48.29,100
37778510,10:29:38:510,48.29,100
37778510,10:29:38:510,48.29,200
37778510,10:29:38:510,48.29,100
37778510,10:29:38:510,48.29,100
37778510,10:29:38:510,48.29,2
37778511,10:29:38:511,48.3,9
37778511,10:29:38:511,48.3,100
37778511,10:29:38:511,48.3,300
37778511,10:29:38:511,48.3,91
37778511,10:29:38:511,48.29,100
37778511,10:29:38:511,48.29,100
37778511,10:29:38:511,48.3,100
37778511,10:29:38:511,48.3,100
37778511,10:29:38:511,48.3,100
37778513,10:29:38:513,48.3,100
37778513,10:29:38:513,48.3,100
37778515,10:29:38:515,48.3,100
37780336,10:29:40:336,48.2874,200
37780336,10:29:40:336,48.2874,100
37780338,10:29:40:338,48.2874,200
37780338,10:29:40:338,48.2874,300
37783033,10:29:43:33,48.31,100
37792465,10:29:52:465,48.305,100
37798873,10:29:58:873,48.31,20
37815419,10:30:15:419,48.3,300
37815419,10:30:15:419,48.3,1
37815419,10:30:15:419,48.3,75
37815419,10:30:15:419,48.3,100
37815419,10:30:15:419,48.3,100
37815419,10:30:15:419,48.3,41
37844202,10:30:44:202,48.3,100
37844202,10:30:44:202,48.3,42
37844202,10:30:44:202,48.295,100
37844202,10:30:44:202,48.3,100
37844202,10:30:44:202,48.3,51
37844202,10:30:44:202,48.3,7
37844204,10:30:44:204,48.31,100
37848553,10:30:48:553,48.31,107
37853833,10:30:53:833,48.32,100
37853834,10:30:53:834,48.32,5
37853834,10:30:53:834,48.32,95
37860009,10:31:0:9,48.32,2
37861931,10:31:1:931,48.325,100
37861932,10:31:1:932,48.32,100
37861932,10:31:1:932,48.32,100
37861932,10:31:1:932,48.32,100
37869485,10:31:9:485,48.31,100
37869485,10:31:9:485,48.31,100
37869485,10:31:9:485,48.31,100
37882407,10:31:22:407,48.3,100
37882414,10:31:22:414,48.31,100
37914024,10:31:54:24,48.29,5
37917602,10:31:57:602,48.31,100
37917602,10:31:57:602,48.31,48
37917602,10:31:57:602,48.31,100
37917602,10:31:57:602,48.31,100
37917602,10:31:57:602,48.31,52
37917603,10:31:57:603,48.31,48
37917608,10:31:57:608,48.31,1
37924334,10:32:4:334,48.3,100
37955623,10:32:35:623,48.32,100
37957155,10:32:37:155,48.32,7
37957155,10:32:37:155,48.32,93
37974251,10:32:54:251,48.33,200
37974252,10:32:54:252,48.33,100
37974252,10:32:54:252,48.33,100
37975087,10:32:55:87,48.3109,100
37975089,10:32:55:89,48.3109,200
38002107,10:33:22:107,48.33,100
38002112,10:33:22:112,48.34,100
38008550,10:33:28:550,48.33,200
38008551,10:33:28:551,48.33,100
38008842,10:33:28:842,48.33,23
38008842,10:33:28:842,48.33,100
38008842,10:33:28:842,48.33,100
38008843,10:33:28:843,48.33,150
38008847,10:33:28:847,48.33,100
38008847,10:33:28:847,48.33,100
38017773,10:33:37:773,48.33,100
38017797,10:33:37:797,48.32,100
38017797,10:33:37:797,48.32,100
38017797,10:33:37:797,48.32,100
38017802,10:33:37:802,48.32,6
38017823,10:33:37:823,48.32,6
38033002,10:33:53:2,48.32,100
38033002,10:33:53:2,48.32,2
38035755,10:33:55:755,48.32,100
38035755,10:33:55:755,48.32,6
38044837,10:34:4:837,48.32,98
38044838,10:34:4:838,48.31,6
38044838,10:34:4:838,48.31,94
38044966,10:34:4:966,48.31,100
38044967,10:34:4:967,48.31,100
38062665,10:34:22:665,48.31,100
38062665,10:34:22:665,48.31,100
38062665,10:34:22:665,48.31,100
38088006,10:34:48:6,48.305,100
38088019,10:34:48:19,48.31,100
38122030,10:35:22:30,48.31,100
38122040,10:35:22:40,48.31,200
38138203,10:35:38:203,48.31,68
38144233,10:35:44:233,48.3,100
38150840,10:35:50:840,48.31,100
38159602,10:35:59:602,48.3,100
38159602,10:35:59:602,48.3,10
38159602,10:35:59:602,48.3,90
38169624,10:36:9:624,48.31,100
38217454,10:36:57:454,48.305,100
38217456,10:36:57:456,48.3,67
38217456,10:36:57:456,48.3,40
38217456,10:36:57:456,48.3,85
38217456,10:36:57:456,48.3,10
38217456,10:36:57:456,48.3,100
38217456,10:36:57:456,48.3,23
38217456,10:36:57:456,48.3,100
38217456,10:36:57:456,48.3,100
38217456,10:36:57:456,48.3,100
38234477,10:37:14:477,48.295,100
38234479,10:37:14:479,48.29,100
38234479,10:37:14:479,48.29,100
38234479,10:37:14:479,48.29,100
38234480,10:37:14:480,48.28,28
38240137,10:37:20:137,48.285,100
38272370,10:37:52:370,48.3,19
38324433,10:38:44:433,48.28,39
38324434,10:38:44:434,48.28,68
38324434,10:38:44:434,48.28,100
38324434,10:38:44:434,48.28,105
38324434,10:38:44:434,48.28,32
38324434,10:38:44:434,48.28,23
38327991,10:38:47:991,48.27,100
38337659,10:38:57:659,48.27,58
38340900,10:39:0:900,48.27,42
38340901,10:39:0:901,48.27,58
38340932,10:39:0:932,48.27,142
38343493,10:39:3:493,48.27,200
38345989,10:39:5:989,48.27,100
38346041,10:39:6:41,48.27,100
38346042,10:39:6:42,48.27,100
38346042,10:39:6:42,48.27,100
38346042,10:39:6:42,48.27,100
38346043,10:39:6:43,48.27,300
38346043,10:39:6:43,48.27,100
38346043,10:39:6:43,48.27,100
38346043,10:39:6:43,48.27,100
38346043,10:39:6:43,48.27,100
38346044,10:39:6:44,48.27,10
38346044,10:39:6:44,48.27,90
38346044,10:39:6:44,48.27,100
38346044,10:39:6:44,48.27,100
38346388,10:39:6:388,48.27,100
38346426,10:39:6:426,48.27,100
38346427,10:39:6:427,48.27,100
38346437,10:39:6:437,48.27,100
38368736,10:39:28:736,48.27,2
38395262,10:39:55:262,48.26,16
38398225,10:39:58:225,48.28,1
38408359,10:40:8:359,48.265,13
38408472,10:40:8:472,48.27,87
38408569,10:40:8:569,48.27,13
38414853,10:40:14:853,48.28,100
38421183,10:40:21:183,48.27,100
38423428,10:40:23:428,48.27,100
38424897,10:40:24:897,48.275,100
38428564,10:40:28:564,48.27,6
38428564,10:40:28:564,48.27,94
38428565,10:40:28:565,48.27,300
38433236,10:40:33:236,48.27,100
38444879,10:40:44:879,48.27,100
38444879,10:40:44:879,48.27,100
38444879,10:40:44:879,48.27,1
38444886,10:40:44:886,48.27,10
38445005,10:40:45:5,48.27,90
38445006,10:40:45:6,48.28,100
38445006,10:40:45:6,48.28,100
38445006,10:40:45:6,48.28,10
38458793,10:40:58:793,48.275,141
38470860,10:41:10:860,48.28,100
38470860,10:41:10:860,48.28,100
38470860,10:41:10:860,48.28,100
38470860,10:41:10:860,48.28,100
38470860,10:41:10:860,48.28,199
38470860,10:41:10:860,48.28,100
38470861,10:41:10:861,48.28,90
38470861,10:41:10:861,48.28,10
38470861,10:41:10:861,48.28,90
38470861,10:41:10:861,48.28,1
38470862,10:41:10:862,48.29,100
38470862,10:41:10:862,48.28,100
38470866,10:41:10:866,48.28,100
38470976,10:41:10:976,48.28,100
38491518,10:41:31:518,48.28,27
38508646,10:41:48:646,48.28,100
38535183,10:42:15:183,48.28,100
38536879,10:42:16:879,48.28,26
38538564,10:42:18:564,48.28,4
38549249,10:42:29:249,48.27,100
38558405,10:42:38:405,48.27,100
38558405,10:42:38:405,48.27,100
38558406,10:42:38:406,48.27,5
38558407,10:42:38:407,48.27,100
38562802,10:42:42:802,48.27,100
38563090,10:42:43:90,48.27,100
38564630,10:42:44:630,48.27,100
38564631,10:42:44:631,48.27,37
38564698,10:42:44:698,48.275,100
38575086,10:42:55:86,48.2905,100
38575088,10:42:55:88,48.2905,100
38575088,10:42:55:88,48.2905,100
38592183,10:43:12:183,48.27,200
38592183,10:43:12:183,48.27,100
38639882,10:43:59:882,48.28,10
38640055,10:44:0:55,48.26,100
38640055,10:44:0:55,48.26,100
38640055,10:44:0:55,48.26,100
38640055,10:44:0:55,48.26,200
38640055,10:44:0:55,48.26,100
38640055,10:44:0:55,48.26,100
38640055,10:44:0:55,48.26,100
38640055,10:44:0:55,48.26,53
38640055,10:44:0:55,48.26,47
38640055,10:44:0:55,48.26,10
38640056,10:44:0:56,48.26,1
38640058,10:44:0:58,48.26,100
38640071,10:44:0:71,48.25,100
38640076,10:44:0:76,48.251,5
38640103,10:44:0:103,48.255,100
38643895,10:44:3:895,48.2522,136
38643958,10:44:3:958,48.2501,100
38648100,10:44:8:100,48.26,100
38651109,10:44:11:109,48.2522,136
38669094,10:44:29:94,48.2522,135
38669954,10:44:29:954,48.25,100
38669954,10:44:29:954,48.25,100
38669964,10:44:29:964,48.25,200
38671084,10:44:31:84,48.25,100
38671085,10:44:31:85,48.25,100
38671124,10:44:31:124,48.25,2
38671124,10:44:31:124,48.25,98
38672466,10:44:32:466,48.25,100
38677986,10:44:37:986,48.25,2
38684992,10:44:44:992,48.25,100
38684992,10:44:44:992,48.25,100
38684992,10:44:44:992,48.25,100
38684992,10:44:44:992,48.25,73
38684992,10:44:44:992,48.25,27
38685092,10:44:45:92,48.25,98
38685784,10:44:45:784,48.25,22
38685784,10:44:45:784,48.25,78
38687378,10:44:47:378,48.25,20
38687386,10:44:47:386,48.25,200
38687386,10:44:47:386,48.25,200
38687387,10:44:47:387,48.24,100
38687387,10:44:47:387,48.24,100
38687387,10:44:47:387,48.24,100
38687387,10:44:47:387,48.24,100
38687387,10:44:47:387,48.24,58
38687396,10:44:47:396,48.245,200
38687407,10:44:47:407,48.235,200
38687413,10:44:47:413,48.235,200
38687486,10:44:47:486,48.25,200
38691315,10:44:51:315,48.2303,200
38693447,10:44:53:447,48.25,8
38693447,10:44:53:447,48.25,92
38693510,10:44:53:510,48.23,66
38703438,10:45:3:438,48.23,34
38703438,10:45:3:438,48.23,100
38703438,10:45:3:438,48.23,100
38703438,10:45:3:438,48.23,100
38703463,10:45:3:463,48.24,100
38703708,10:45:3:708,48.24,100
38703709,10:45:3:709,48.24,100
38703722,10:45:3:722,48.24,100
38703728,10:45:3:728,48.24,100
38703735,10:45:3:735,48.24,200
38714009,10:45:14:9,48.24,100
38714009,10:45:14:9,48.24,45
38714009,10:45:14:9,48.24,55
38714009,10:45:14:9,48.24,345
38714187,10:45:14:187,48.25,262
38714286,10:45:14:286,48.24,100
38715992,10:45:15:992,48.25,31
38716987,10:45:16:987,48.25,5
38716988,10:45:16:988,48.25,95
38716988,10:45:16:988,48.25,100
38716988,10:45:16:988,48.25,100
38716989,10:45:16:989,48.25,100
38716989,10:45:16:989,48.25,100
38716989,10:45:16:989,48.25,100
38716989,10:45:16:989,48.25,100
38716990,10:45:16:990,48.25,25
38725497,10:45:25:497,48.255,100
38740761,10:45:40:761,48.2479,100
38740761,10:45:40:761,48.2479,100
38740763,10:45:40:763,48.2479,100
38761355,10:46:1:355,48.26,100
38766351,10:46:6:351,48.27,100
38816404,10:46:56:404,48.26,1000
38817066,10:46:57:66,48.26,25
38817066,10:46:57:66,48.26,100
38817066,10:46:57:66,48.26,100
38817066,10:46:57:66,48.26,100
38817067,10:46:57:67,48.26,100
38817067,10:46:57:67,48.26,378
38817466,10:46:57:466,48.25,100
38817466,10:46:57:466,48.25,100
38818207,10:46:58:207,48.25,200
38818207,10:46:58:207,48.25,200
38818215,10:46:58:215,48.25,200
38818299,10:46:58:299,48.2595,100
38818307,10:46:58:307,48.25,200
38819639,10:46:59:639,48.25,700
38819640,10:46:59:640,48.25,200
38819640,10:46:59:640,48.25,200
38819642,10:46:59:642,48.25,800
38819643,10:46:59:643,48.25,700
38819644,10:46:59:644,48.25,600
38819645,10:46:59:645,48.25,600
38819650,10:46:59:650,48.25,800
38824956,10:47:4:956,48.24,100
38824956,10:47:4:956,48.24,10
38824956,10:47:4:956,48.24,10
38824957,10:47:4:957,48.24,100
38824957,10:47:4:957,48.24,100
38824968,10:47:4:968,48.24,100
38824968,10:47:4:968,48.24,100
38826898,10:47:6:898,48.23,100
38826898,10:47:6:898,48.23,100
38826900,10:47:6:900,48.23,300
38826901,10:47:6:901,48.23,100
38826902,10:47:6:902,48.23,200
38826903,10:47:6:903,48.23,100
38826907,10:47:6:907,48.23,100
38827361,10:47:7:361,48.24,100
38840334,10:47:20:334,48.2339,228
38843457,10:47:23:457,48.24,300
38843458,10:47:23:458,48.24,2
38843853,10:47:23:853,48.24,100
38843853,10:47:23:853,48.24,10
38843853,10:47:23:853,48.24,10
38843853,10:47:23:853,48.24,100
38843855,10:47:23:855,48.245,100
38843855,10:47:23:855,48.24,100
38853742,10:47:33:742,48.25,100
38883877,10:48:3:877,48.24,100
38891307,10:48:11:307,48.2468,100
38895939,10:48:15:939,48.24,100
38895942,10:48:15:942,48.24,100
38895942,10:48:15:942,48.24,166
38895950,10:48:15:950,48.24,100
38895950,10:48:15:950,48.24,100
38895952,10:48:15:952,48.25,100
38895952,10:48:15:952,48.25,100
38895952,10:48:15:952,48.25,100
38895952,10:48:15:952,48.25,100
38895952,10:48:15:952,48.25,100
38895952,10:48:15:952,48.25,5
38909032,10:48:29:32,48.26,100
38910055,10:48:30:55,48.246,100
38923343,10:48:43:343,48.26,100
38923344,10:48:43:344,48.26,100
38923344,10:48:43:344,48.25,100
38926611,10:48:46:611,48.26,100
38941952,10:49:1:952,48.2699,100
38943166,10:49:3:166,48.26,100
38943168,10:49:3:168,48.26,100
38943168,10:49:3:168,48.26,100
38943168,10:49:3:168,48.26,100
38943168,10:49:3:168,48.26,300
38994524,10:49:54:524,48.26,100
38994524,10:49:54:524,48.26,100
38994524,10:49:54:524,48.26,100
38994524,10:49:54:524,48.26,45
38994524,10:49:54:524,48.26,55
38994524,10:49:54:524,48.26,100
38994524,10:49:54:524,48.26,100
38994528,10:49:54:528,48.27,100
38994571,10:49:54:571,48.28,100
38994638,10:49:54:638,48.26,100
39006523,10:50:6:523,48.28,13
39042633,10:50:42:633,48.28,51
39045994,10:50:45:994,48.28,100
39048681,10:50:48:681,48.29,100
39048681,10:50:48:681,48.28,1
39048681,10:50:48:681,48.28,27
39048682,10:50:48:682,48.29,100
39057104,10:50:57:104,48.3,100
39057104,10:50:57:104,48.3,100
39057104,10:50:57:104,48.3,100
39057104,10:50:57:104,48.3,81
39057107,10:50:57:107,48.3,97
39065655,10:51:5:655,48.3,27
39147086,10:52:27:86,48.31,100
39147998,10:52:27:998,48.3003,40
39153872,10:52:33:872,48.31,100
39164898,10:52:44:898,48.31,100
39168315,10:52:48:315,48.3001,2
39225493,10:53:45:493,48.3086,400
39225623,10:53:45:623,48.31,545
39230848,10:53:50:848,48.31,39
39276570,10:54:36:570,48.31,100
39280016,10:54:40:16,48.3,100
39280016,10:54:40:16,48.3,100
39281388,10:54:41:388,48.3,28
39281388,10:54:41:388,48.3,300
39281388,10:54:41:388,48.3,100
39281388,10:54:41:388,48.3,200
39281388,10:54:41:388,48.3,100
39281388,10:54:41:388,48.3,100
39283368,10:54:43:368,48.295,2
39285035,10:54:45:35,48.295,2
39286793,10:54:46:793,48.295,2
39288798,10:54:48:798,48.295,2
39295804,10:54:55:804,48.295,2
39304621,10:55:4:621,48.295,2
39312360,10:55:12:360,48.295,2
39320589,10:55:20:589,48.295,2
39327330,10:55:27:330,48.3,100
39327332,10:55:27:332,48.3,100
39327332,10:55:27:332,48.3,100
39327332,10:55:27:332,48.3,100
39327332,10:55:27:332,48.3,100
39327332,10:55:27:332,48.3,6
39327332,10:55:27:332,48.295,2
39327332,10:55:27:332,48.3,98
39327332,10:55:27:332,48.3,2
39327332,10:55:27:332,48.3,100
39327333,10:55:27:333,48.3,2
39327333,10:55:27:333,48.3,98
39327333,10:55:27:333,48.3,2
39327334,10:55:27:334,48.3,100
39327334,10:55:27:334,48.3,26
39327334,10:55:27:334,48.3,100
39327334,10:55:27:334,48.3,100
39327334,10:55:27:334,48.3,100
39327334,10:55:27:334,48.3,100
39327334,10:55:27:334,48.3,100
39327334,10:55:27:334,48.3,100
39327334,10:55:27:334,48.3,500
39327334,10:55:27:334,48.3,100
39327334,10:55:27:334,48.3,62
39327334,10:55:27:334,48.3,10
39327334,10:55:27:334,48.3,10
39327334,10:55:27:334,48.3,10
39327334,10:55:27:334,48.3,100
39327334,10:55:27:334,48.3,100
39327334,10:55:27:334,48.3,62
39327334,10:55:27:334,48.3,100
39327334,10:55:27:334,48.3,100
39327334,10:55:27:334,48.3,62
39327334,10:55:27:334,48.3,10
39327334,10:55:27:334,48.3,10
39327543,10:55:27:543,48.295,100
39328817,10:55:28:817,48.295,2
39337528,10:55:37:528,48.2907,100
39337529,10:55:37:529,48.2907,100
39337530,10:55:37:530,48.2907,100
39337532,10:55:37:532,48.2907,200
39337532,10:55:37:532,48.2907,100
39337572,10:55:37:572,48.29,100
39337572,10:55:37:572,48.29,100
39337572,10:55:37:572,48.29,267
39337573,10:55:37:573,48.29,100
39337573,10:55:37:573,48.29,100
39337573,10:55:37:573,48.29,100
39337573,10:55:37:573,48.29,100
39337573,10:55:37:573,48.29,100
39337573,10:55:37:573,48.29,18
39337573,10:55:37:573,48.29,100
39353535,10:55:53:535,48.28,43
39353535,10:55:53:535,48.28,57
39353541,10:55:53:541,48.28,1
39371684,10:56:11:684,48.28,100
39371684,10:56:11:684,48.28,100
39371684,10:56:11:684,48.28,150
39371684,10:56:11:684,48.28,50
39371684,10:56:11:684,48.28,100
39371684,10:56:11:684,48.28,100
39371686,10:56:11:686,48.27,100
39371705,10:56:11:705,48.27,11
39372683,10:56:12:683,48.27,100
39377339,10:56:17:339,48.27,100
39377340,10:56:17:340,48.27,7
39381414,10:56:21:414,48.27,100
39381414,10:56:21:414,48.27,10
39381414,10:56:21:414,48.27,2
39381414,10:56:21:414,48.27,3
39381416,10:56:21:416,48.27,100
39392477,10:56:32:477,48.26,100
39392477,10:56:32:477,48.26,100
39392478,10:56:32:478,48.26,48
39392478,10:56:32:478,48.26,48
39392510,10:56:32:510,48.26,52
39392510,10:56:32:510,48.26,48
39392518,10:56:32:518,48.26,11
39395535,10:56:35:535,48.26,16
39405008,10:56:45:8,48.26,36
39405009,10:56:45:9,48.25,64
39405009,10:56:45:9,48.25,100
39405011,10:56:45:11,48.25,36
39405011,10:56:45:11,48.25,1
39430954,10:57:10:954,48.24,13
39440751,10:57:20:751,48.25,100
39440751,10:57:20:751,48.25,100
39440758,10:57:20:758,48.25,62
39440759,10:57:20:759,48.25,438
39440759,10:57:20:759,48.25,100
39440759,10:57:20:759,48.25,100
39440759,10:57:20:759,48.25,100
39440759,10:57:20:759,48.25,100
39440759,10:57:20:759,48.25,100
39440760,10:57:20:760,48.26,100
39440771,10:57:20:771,48.25,100
39446337,10:57:26:337,48.255,100
39468167,10:57:48:167,48.26,5
39468997,10:57:48:997,48.26,100
39478898,10:57:58:898,48.26,48
39478899,10:57:58:899,48.26,11
39482331,10:58:2:331,48.26,15
39489835,10:58:9:835,48.26,15
39489835,10:58:9:835,48.26,85
39489836,10:58:9:836,48.26,100
39489836,10:58:9:836,48.26,85
39489836,10:58:9:836,48.26,100
39496928,10:58:16:928,48.27,100
39507521,10:58:27:521,48.275,100
39520645,10:58:40:645,48.28,100
39520959,10:58:40:959,48.28,100
39520959,10:58:40:959,48.29,100
39520959,10:58:40:959,48.29,100
39520959,10:58:40:959,48.29,600
39520960,10:58:40:960,48.29,100
39520960,10:58:40:960,48.29,100
39520960,10:58:40:960,48.29,100
39520960,10:58:40:960,48.29,100
39520960,10:58:40:960,48.29,100
39527146,10:58:47:146,48.3,100
39527146,10:58:47:146,48.3,100
39527153,10:58:47:153,48.3,300
39558825,10:59:18:825,48.274,100
39558826,10:59:18:826,48.274,100
39570168,10:59:30:168,48.31,100
39570169,10:59:30:169,48.31,100
39570169,10:59:30:169,48.31,100
39570169,10:59:30:169,48.31,36
39570169,10:59:30:169,48.31,100
39570169,10:59:30:169,48.31,64
39570169,10:59:30:169,48.31,100
39570169,10:59:30:169,48.31,100
39595009,10:59:55:9,48.3001,140
39595031,10:59:55:31,48.303,100
39595222,10:59:55:222,48.32,1
39595385,10:59:55:385,48.33,76
39598347,10:59:58:347,48.3008,100
39603358,11:0:3:358,48.32,7
39615334,11:0:15:334,48.31,2
39625036,11:0:25:36,48.31,500
39625037,11:0:25:37,48.31,12
39625037,11:0:25:37,48.31,100
39625037,11:0:25:37,48.31,86
39629196,11:0:29:196,48.304,1
39630017,11:0:30:17,48.31,1
39647597,11:0:47:597,48.31,100
39647598,11:0:47:598,48.31,100
39647598,11:0:47:598,48.31,100
39647598,11:0:47:598,48.31,100
39647598,11:0:47:598,48.31,7
39647598,11:0:47:598,48.31,86
39647598,11:0:47:598,48.31,14
39647598,11:0:47:598,48.31,200
39647598,11:0:47:598,48.31,100
39647611,11:0:47:611,48.31,100
39647636,11:0:47:636,48.31,200
39647702,11:0:47:702,48.31,100
39647702,11:0:47:702,48.31,99
39647725,11:0:47:725,48.305,100
39647784,11:0:47:784,48.305,100
39670602,11:1:10:602,48.31,100
39685884,11:1:25:884,48.3,5
39685884,11:1:25:884,48.3,100
39685884,11:1:25:884,48.3,100
39685884,11:1:25:884,48.3,100
39685884,11:1:25:884,48.3,200
39685886,11:1:25:886,48.3,100
39685886,11:1:25:886,48.3,100
39685886,11:1:25:886,48.3,14
39685886,11:1:25:886,48.3,86
39685886,11:1:25:886,48.3,14
39685886,11:1:25:886,48.3,100
39685886,11:1:25:886,48.3,86
39685886,11:1:25:886,48.3,14
39685886,11:1:25:886,48.29,14
39685893,11:1:25:893,48.29,100
39685893,11:1:25:893,48.29,100
39685893,11:1:25:893,48.29,100
39685893,11:1:25:893,48.29,100
39685893,11:1:25:893,48.29,100
39685895,11:1:25:895,48.29,100
39685895,11:1:25:895,48.29,100
39685897,11:1:25:897,48.29,100
39687036,11:1:27:36,48.285,100
39687064,11:1:27:64,48.285,100
39687256,11:1:27:256,48.28,100
39695959,11:1:35:959,48.28,100
39695959,11:1:35:959,48.28,100
39695961,11:1:35:961,48.28,7
39695961,11:1:35:961,48.28,2
39704369,11:1:44:369,48.27,100
39704369,11:1:44:369,48.27,84
39704369,11:1:44:369,48.27,16
39704370,11:1:44:370,48.27,59
39704370,11:1:44:370,48.27,100
39704370,11:1:44:370,48.27,84
39704370,11:1:44:370,48.27,16
39704370,11:1:44:370,48.27,10
39704371,11:1:44:371,48.27,100
39709907,11:1:49:907,48.266,31
39713015,11:1:53:15,48.265,100
39713051,11:1:53:51,48.27,66
39718166,11:1:58:166,48.27,100
39718172,11:1:58:172,48.27,100
39737150,11:2:17:150,48.26,47
39737151,11:2:17:151,48.26,100
39737151,11:2:17:151,48.26,100
39737151,11:2:17:151,48.26,60
39737151,11:2:17:151,48.26,100
39737151,11:2:17:151,48.26,100
39737151,11:2:17:151,48.26,53
39737151,11:2:17:151,48.26,100
39737162,11:2:17:162,48.25,100
39737162,11:2:17:162,48.25,100
39737162,11:2:17:162,48.25,1
39737162,11:2:17:162,48.25,100
39737162,11:2:17:162,48.25,59
39737162,11:2:17:162,48.25,42
39737163,11:2:17:163,48.25,58
39737163,11:2:17:163,48.25,100
39737193,11:2:17:193,48.25,100
39737195,11:2:17:195,48.26,100
39737195,11:2:17:195,48.26,100
39737195,11:2:17:195,48.26,100
39743723,11:2:23:723,48.26,200
39749503,11:2:29:503,48.2406,20
39750593,11:2:30:593,48.26,232
39762034,11:2:42:34,48.25,100
39762034,11:2:42:34,48.25,10
39762054,11:2:42:54,48.25,100
39762054,11:2:42:54,48.25,100
39762054,11:2:42:54,48.25,90
39762054,11:2:42:54,48.25,100
39805569,11:3:25:569,48.24,100
39805570,11:3:25:570,48.24,100
39805570,11:3:25:570,48.24,10
39805570,11:3:25:570,48.24,100
39805803,11:3:25:803,48.24,100
39805804,11:3:25:804,48.24,100
39805804,11:3:25:804,48.24,100
39805804,11:3:25:804,48.24,100
39805805,11:3:25:805,48.25,14
39806072,11:3:26:72,48.25,100
39824558,11:3:44:558,48.2401,20
39828636,11:3:48:636,48.24,100
39828636,11:3:48:636,48.24,100
39828636,11:3:48:636,48.24,97
39828636,11:3:48:636,48.24,100
39828636,11:3:48:636,48.24,7
39830012,11:3:50:12,48.24,100
39830766,11:3:50:766,48.245,100
39832016,11:3:52:16,48.24,1
39857010,11:4:17:10,48.23,100
39857010,11:4:17:10,48.23,100
39857015,11:4:17:15,48.23,100
39858170,11:4:18:170,48.24,100
39858286,11:4:18:286,48.24,100
39859079,11:4:19:79,48.24,100
39859085,11:4:19:85,48.24,100
39859085,11:4:19:85,48.24,100
39871067,11:4:31:67,48.25,100
39871067,11:4:31:67,48.25,100
39871068,11:4:31:68,48.25,100
39871068,11:4:31:68,48.25,100
39915339,11:5:15:339,48.25,200
39919041,11:5:19:41,48.25,100
39919772,11:5:19:772,48.26,100
39919877,11:5:19:877,48.255,100
39930293,11:5:30:293,48.252,30
39933987,11:5:33:987,48.25,100
39934002,11:5:34:2,48.25,100
39934002,11:5:34:2,48.25,1
39982852,11:6:22:852,48.24,100
40000475,11:6:40:475,48.24,6
40000476,11:6:40:476,48.24,100
40000478,11:6:40:478,48.24,94
40000478,11:6:40:478,48.24,11
40010403,11:6:50:403,48.23,100
40010961,11:6:50:961,48.23,100
40010972,11:6:50:972,48.22,100
40034950,11:7:14:950,48.22,100
40034950,11:7:14:950,48.22,332
40034950,11:7:14:950,48.22,1
40034950,11:7:14:950,48.22,128
40034950,11:7:14:950,48.22,100
40034952,11:7:14:952,48.22,100
40037098,11:7:17:98,48.215,100
40037266,11:7:17:266,48.215,100
40037326,11:7:17:326,48.215,100
40039431,11:7:19:431,48.22,100
40039983,11:7:19:983,48.21,10
40039983,11:7:19:983,48.21,90
40040783,11:7:20:783,48.22,100
40049979,11:7:29:979,48.21,13
40049979,11:7:29:979,48.21,10
40049979,11:7:29:979,48.21,100
40049979,11:7:29:979,48.21,70
40049979,11:7:29:979,48.21,7
40070180,11:7:50:180,48.21,100
40070181,11:7:50:181,48.21,5
40072184,11:7:52:184,48.21,100
40080573,11:8:0:573,48.2199,10
40080604,11:8:0:604,48.2101,91
40082929,11:8:2:929,48.21,82
40082929,11:8:2:929,48.21,100
40082929,11:8:2:929,48.21,100
40082932,11:8:2:932,48.2,18
40082943,11:8:2:943,48.2,10
40083140,11:8:3:140,48.21,100
40083183,11:8:3:183,48.21,100
40125813,11:8:45:813,48.2,100
40125814,11:8:45:814,48.2,300
40125834,11:8:45:834,48.2,100
40125863,11:8:45:863,48.19,200
40140992,11:9:0:992,48.195,22
40140992,11:9:0:992,48.2,78
40141001,11:9:1:1,48.2,22
40141001,11:9:1:1,48.2,78
40141001,11:9:1:1,48.2,75
40141002,11:9:1:2,48.2,40
40141002,11:9:1:2,48.2,100
40141002,11:9:1:2,48.2,100
40141002,11:9:1:2,48.2,22
40141002,11:9:1:2,48.2,40
40141002,11:9:1:2,48.2,100
40141002,11:9:1:2,48.2,9
40141010,11:9:1:10,48.2,100
40141010,11:9:1:10,48.2,126
40141010,11:9:1:10,48.2,60
40141010,11:9:1:10,48.2,100
40141010,11:9:1:10,48.2,60
40141011,11:9:1:11,48.2,100
40141016,11:9:1:16,48.2,100
40141096,11:9:1:96,48.205,100
40143491,11:9:3:491,48.205,200
40144746,11:9:4:746,48.21,1
40144746,11:9:4:746,48.21,99
40154561,11:9:14:561,48.1901,11
40154579,11:9:14:579,48.205,55
40154587,11:9:14:587,48.196,100
40158812,11:9:18:812,48.2549,100
40158812,11:9:18:812,48.2549,100
40200065,11:10:0:65,48.21,100
40200994,11:10:0:994,48.2,100
40200995,11:10:0:995,48.2,100
40200998,11:10:0:998,48.21,100
40200998,11:10:0:998,48.21,16
40200998,11:10:0:998,48.21,100
40200999,11:10:0:999,48.21,100
40200999,11:10:0:999,48.21,100
40200999,11:10:0:999,48.21,84
40200999,11:10:0:999,48.21,1
40201175,11:10:1:175,48.2,100
40212005,11:10:12:5,48.21,100
40248880,11:10:48:880,48.22,100
40280525,11:11:20:525,48.21,6
40280525,11:11:20:525,48.21,94
40280525,11:11:20:525,48.21,100
40280525,11:11:20:525,48.21,100
40280525,11:11:20:525,48.21,207
40280526,11:11:20:526,48.21,7
40280526,11:11:20:526,48.21,100
40280526,11:11:20:526,48.21,100
40280526,11:11:20:526,48.21,100
40280526,11:11:20:526,48.21,100
40280526,11:11:20:526,48.21,100
40281107,11:11:21:107,48.205,100
40286369,11:11:26:369,48.2,200
40298311,11:11:38:311,48.2,100
40315086,11:11:55:86,48.1986,9
40324745,11:12:4:745,48.2,100
40324745,11:12:4:745,48.2,100
40324745,11:12:4:745,48.2,11
40324745,11:12:4:745,48.2,3
40324745,11:12:4:745,48.2,100
40324745,11:12:4:745,48.195,100
40324745,11:12:4:745,48.2,100
40324745,11:12:4:745,48.2,89
40324745,11:12:4:745,48.2,100
40324745,11:12:4:745,48.2,100
40324761,11:12:4:761,48.2,100
40324865,11:12:4:865,48.2,100
40325899,11:12:5:899,48.205,200
40334371,11:12:14:371,48.2,5
40334371,11:12:14:371,48.2,295
40334373,11:12:14:373,48.205,200
40334374,11:12:14:374,48.19,301
40334376,11:12:14:376,48.19,100
40334376,11:12:14:376,48.19,100
40334376,11:12:14:376,48.19,100
40334382,11:12:14:382,48.18,200
40334382,11:12:14:382,48.18,100
40334382,11:12:14:382,48.18,10
40334392,11:12:14:392,48.185,200
40350033,11:12:30:33,48.2,100
40450250,11:14:10:250,48.205,30
40463377,11:14:23:377,48.209,3
40463380,11:14:23:380,48.191,98
40469424,11:14:29:424,48.21,100
40487889,11:14:47:889,48.19,1
40487900,11:14:47:900,48.19,99
40487900,11:14:47:900,48.19,10
40487900,11:14:47:900,48.19,100
40487900,11:14:47:900,48.19,91
40487900,11:14:47:900,48.19,100
40487900,11:14:47:900,48.19,9
40487900,11:14:47:900,48.19,100
40487900,11:14:47:900,48.19,100
40487900,11:14:47:900,48.19,118
40488353,11:14:48:353,48.19,100
40492226,11:14:52:226,48.18,143
40492226,11:14:52:226,48.18,37
40492226,11:14:52:226,48.18,100
40492226,11:14:52:226,48.18,7
40492232,11:14:52:232,48.17,100
40504187,11:15:4:187,48.17,50
40504196,11:15:4:196,48.177,50
40531271,11:15:31:271,48.1981,200
40531272,11:15:31:272,48.1981,200
40531272,11:15:31:272,48.1981,200
40531275,11:15:31:275,48.1981,100
40563670,11:16:3:670,48.18,500
40568751,11:16:8:751,48.18,100
40595777,11:16:35:777,48.1818,500
40634501,11:17:14:501,48.1701,4
40680106,11:18:0:106,48.18,65
40697015,11:18:17:15,48.17,100
40697015,11:18:17:15,48.17,100
40697015,11:18:17:15,48.18,7
40697255,11:18:17:255,48.18,6
40697257,11:18:17:257,48.18,100
40698000,11:18:18:0,48.18,100
40708038,11:18:28:38,48.18,100
40745885,11:19:5:885,48.18,100
40745886,11:19:5:886,48.18,21
40745891,11:19:5:891,48.17,100
40748862,11:19:8:862,48.18,100
40772332,11:19:32:332,48.17,100
40772332,11:19:32:332,48.17,100
40772332,11:19:32:332,48.17,100
40772332,11:19:32:332,48.17,100
40772332,11:19:32:332,48.17,100
40772332,11:19:32:332,48.17,200
40772333,11:19:32:333,48.17,1
40772333,11:19:32:333,48.17,1
40772333,11:19:32:333,48.17,1
40772333,11:19:32:333,48.17,1
40772333,11:19:32:333,48.17,1
40772334,11:19:32:334,48.16,100
40772336,11:19:32:336,48.165,100
40772774,11:19:32:774,48.17,100
40774344,11:19:34:344,48.17,100
40776775,11:19:36:775,48.17,100
40776782,11:19:36:782,48.17,100
40776803,11:19:36:803,48.17,100
40783291,11:19:43:291,48.17,100
40801799,11:20:1:799,48.17,100
40801829,11:20:1:829,48.17,100
40801855,11:20:1:855,48.17,100
40801855,11:20:1:855,48.17,19
40801870,11:20:1:870,48.17,100
40806239,11:20:6:239,48.17,100
40826757,11:20:26:757,48.17,100
40826757,11:20:26:757,48.17,100
40826757,11:20:26:757,48.17,21
40826757,11:20:26:757,48.17,22
40826757,11:20:26:757,48.17,100
40826757,11:20:26:757,48.17,100
40826757,11:20:26:757,48.17,100
40826772,11:20:26:772,48.18,100
40826772,11:20:26:772,48.18,200
40826772,11:20:26:772,48.18,100
40826772,11:20:26:772,48.18,100
40826772,11:20:26:772,48.18,100
40826773,11:20:26:773,48.18,100
40826773,11:20:26:773,48.18,100
40826773,11:20:26:773,48.18,100
40826812,11:20:26:812,48.19,100
40826812,11:20:26:812,48.19,100
40826812,11:20:26:812,48.19,100
40826812,11:20:26:812,48.19,100
40826812,11:20:26:812,48.19,100
40826812,11:20:26:812,48.19,100
40826817,11:20:26:817,48.2,100
40826874,11:20:26:874,48.17,100
40827280,11:20:27:280,48.191,20
40827915,11:20:27:915,48.2,200
40834962,11:20:34:962,48.2,100
40835002,11:20:35:2,48.21,100
40835002,11:20:35:2,48.21,100
40835011,11:20:35:11,48.21,100
40835014,11:20:35:14,48.21,100
40835018,11:20:35:18,48.21,100
40835018,11:20:35:18,48.21,100
40835019,11:20:35:19,48.21,100
40835019,11:20:35:19,48.21,100
40835020,11:20:35:20,48.21,100
40835034,11:20:35:34,48.22,100
40835038,11:20:35:38,48.22,100
40835121,11:20:35:121,48.21,200
40835121,11:20:35:121,48.215,100
40835123,11:20:35:123,48.21,13
40835448,11:20:35:448,48.21,100
40836723,11:20:36:723,48.215,100
40836723,11:20:36:723,48.215,100
40836723,11:20:36:723,48.215,100
40836751,11:20:36:751,48.215,100
40841632,11:20:41:632,48.215,200
40848211,11:20:48:211,48.21,300
40848211,11:20:48:211,48.215,200
40848212,11:20:48:212,48.215,200
40848212,11:20:48:212,48.21,31
40848212,11:20:48:212,48.215,200
40848212,11:20:48:212,48.2125,100
40848213,11:20:48:213,48.21,69
40848213,11:20:48:213,48.21,100
40854013,11:20:54:13,48.2,3
40861245,11:21:1:245,48.21,100
40861245,11:21:1:245,48.21,10
40863337,11:21:3:337,48.2001,57
40900188,11:21:40:188,48.21,100
40900188,11:21:40:188,48.21,100
40900188,11:21:40:188,48.21,90
40908102,11:21:48:102,48.22,100
40909269,11:21:49:269,48.22,100
40912900,11:21:52:900,48.22,100
40914009,11:21:54:9,48.22,100
40925936,11:22:5:936,48.23,100
40926915,11:22:6:915,48.23,100
40926915,11:22:6:915,48.23,100
40926925,11:22:6:925,48.22,100
41017667,11:23:37:667,48.23,61
41017667,11:23:37:667,48.23,100
41017667,11:23:37:667,48.23,39
41017667,11:23:37:667,48.23,39
41017667,11:23:37:667,48.23,100
41017667,11:23:37:667,48.23,61
41017667,11:23:37:667,48.23,39
41017667,11:23:37:667,48.23,100
41017674,11:23:37:674,48.24,100
41017674,11:23:37:674,48.24,100
41017676,11:23:37:676,48.24,100
41017817,11:23:37:817,48.23,100
41025109,11:23:45:109,48.25,100
41054032,11:24:14:32,48.256,21
41076016,11:24:36:16,48.25,10
41076016,11:24:36:16,48.25,1
41076017,11:24:36:17,48.25,1
41076017,11:24:36:17,48.25,1
41105726,11:25:5:726,48.26,100
41114886,11:25:14:886,48.26,100
41127280,11:25:27:280,48.26,100
41127280,11:25:27:280,48.26,100
41127280,11:25:27:280,48.26,5
41127280,11:25:27:280,48.26,100
41131518,11:25:31:518,48.1988,100
41135235,11:25:35:235,48.27,442
41138912,11:25:38:912,48.27,300
41139000,11:25:39:0,48.27,100
41139285,11:25:39:285,48.27,100
41139287,11:25:39:287,48.27,100
41139492,11:25:39:492,48.2799,100
41145863,11:25:45:863,48.27,100
41145863,11:25:45:863,48.27,100
41145863,11:25:45:863,48.27,300
41145896,11:25:45:896,48.265,1
41145966,11:25:45:966,48.27,100
41149938,11:25:49:938,48.2706,100
41154251,11:25:54:251,48.265,100
41161043,11:26:1:43,48.2608,261
41165110,11:26:5:110,48.27,100
41165110,11:26:5:110,48.27,100
41165111,11:26:5:111,48.27,400
41165111,11:26:5:111,48.27,15
41165111,11:26:5:111,48.27,337
41165111,11:26:5:111,48.27,8
41165111,11:26:5:111,48.27,40
41165240,11:26:5:240,48.27,100
41192825,11:26:32:825,48.3,100
41201802,11:26:41:802,48.3,100
41201802,11:26:41:802,48.3,100
41201802,11:26:41:802,48.3,100
41216845,11:26:56:845,48.29,100
41220704,11:27:0:704,48.28,100
41220704,11:27:0:704,48.28,100
41220705,11:27:0:705,48.28,7
41220705,11:27:0:705,48.28,89
41220705,11:27:0:705,48.28,100
41220705,11:27:0:705,48.28,4
41220705,11:27:0:705,48.28,96
41220713,11:27:0:713,48.275,100
41223744,11:27:3:744,48.28,100
41229795,11:27:9:795,48.28,26
41229894,11:27:9:894,48.28,300
41229895,11:27:9:895,48.28,100
41229895,11:27:9:895,48.28,100
41229895,11:27:9:895,48.28,100
41229895,11:27:9:895,48.28,100
41229895,11:27:9:895,48.28,129
41229895,11:27:9:895,48.28,71
41229895,11:27:9:895,48.28,100
41240935,11:27:20:935,48.29,100
41289695,11:28:9:695,48.29,4
41289695,11:28:9:695,48.29,3
41289695,11:28:9:695,48.29,4
41289695,11:28:9:695,48.29,3
41289696,11:28:9:696,48.29,3
41289696,11:28:9:696,48.29,4
41289696,11:28:9:696,48.29,2
41289696,11:28:9:696,48.29,4
41289696,11:28:9:696,48.29,3
41289696,11:28:9:696,48.29,4
41289696,11:28:9:696,48.29,4
41289696,11:28:9:696,48.29,100
41303224,11:28:23:224,48.2841,100
41308167,11:28:28:167,48.29,40
41308167,11:28:28:167,48.29,100
41326336,11:28:46:336,48.2849,173
41330626,11:28:50:626,48.285,1
41330626,11:28:50:626,48.28,100
41330626,11:28:50:626,48.28,7
41330626,11:28:50:626,48.28,92
41330626,11:28:50:626,48.28,389
41330626,11:28:50:626,48.28,90
41330626,11:28:50:626,48.28,100
41330626,11:28:50:626,48.28,100
41330626,11:28:50:626,48.28,100
41333401,11:28:53:401,48.27,11
41334300,11:28:54:300,48.27,87
41334300,11:28:54:300,48.27,100
41334300,11:28:54:300,48.27,13
41334300,11:28:54:300,48.27,89
41334300,11:28:54:300,48.27,11
41334300,11:28:54:300,48.27,89
41345133,11:29:5:133,48.265,100
41348125,11:29:8:125,48.265,100
41354401,11:29:14:401,48.26,100
41354402,11:29:14:402,48.26,100
41354408,11:29:14:408,48.26,100
41391544,11:29:51:544,48.25,13
41466028,11:31:6:28,48.26,1
41466028,11:31:6:28,48.27,100
41466028,11:31:6:28,48.27,56
41466028,11:31:6:28,48.27,44
41466028,11:31:6:28,48.27,100
41466028,11:31:6:28,48.27,100
41466028,11:31:6:28,48.27,6
41466029,11:31:6:29,48.27,100
41466029,11:31:6:29,48.27,100
41466029,11:31:6:29,48.27,78
41466029,11:31:6:29,48.27,100
41466029,11:31:6:29,48.27,94
41466029,11:31:6:29,48.27,100
41466029,11:31:6:29,48.27,100
41466029,11:31:6:29,48.27,100
41466029,11:31:6:29,48.27,100
41466029,11:31:6:29,48.27,100
41466029,11:31:6:29,48.27,100
41466034,11:31:6:34,48.27,100
41466070,11:31:6:70,48.265,100
41466077,11:31:6:77,48.2675,100
41509345,11:31:49:345,48.299,47
41533883,11:32:13:883,48.3,100
41582842,11:33:2:842,48.3,100
41593580,11:33:13:580,48.3,100
41593581,11:33:13:581,48.29,200
41593584,11:33:13:584,48.3,100
41593589,11:33:13:589,48.31,7
41593693,11:33:13:693,48.3,100
41595700,11:33:15:700,48.3,100
41638143,11:33:58:143,48.2901,33
41650932,11:34:10:932,48.29,1
41655707,11:34:15:707,48.3,69
41655708,11:34:15:708,48.3,31
41655709,11:34:15:709,48.3,100
41655712,11:34:15:712,48.3,47
41655829,11:34:15:829,48.3,100
41658013,11:34:18:13,48.3,100
41683874,11:34:43:874,48.31,100
41683874,11:34:43:874,48.31,100
41722914,11:35:22:914,48.3,38
41722914,11:35:22:914,48.3,100
41722914,11:35:22:914,48.3,62
41723061,11:35:23:61,48.3,100
41723062,11:35:23:62,48.3,100
41723062,11:35:23:62,48.3,100
41723063,11:35:23:63,48.3,100
41723063,11:35:23:63,48.3,100
41723063,11:35:23:63,48.3,100
41723063,11:35:23:63,48.3,100
41723063,11:35:23:63,48.3,100
41723560,11:35:23:560,48.29,100
41723562,11:35:23:562,48.29,104
41723562,11:35:23:562,48.29,1
41723562,11:35:23:562,48.29,100
41723563,11:35:23:563,48.29,100
41723564,11:35:23:564,48.29,6
41723564,11:35:23:564,48.29,1
41726367,11:35:26:367,48.2886,58
41732120,11:35:32:120,48.28,200
41732120,11:35:32:120,48.28,100
41732120,11:35:32:120,48.28,400
41732120,11:35:32:120,48.28,100
41751805,11:35:51:805,48.27,100
41751805,11:35:51:805,48.27,100
41751805,11:35:51:805,48.27,4
41751805,11:35:51:805,48.27,59
41824427,11:37:4:427,48.26,100
41824428,11:37:4:428,48.26,1
41824428,11:37:4:428,48.265,8
41824428,11:37:4:428,48.26,10
41824428,11:37:4:428,48.26,92
41824428,11:37:4:428,48.26,8
41908091,11:38:28:91,48.2822,100
41911257,11:38:31:257,48.2537,200
41911264,11:38:31:264,48.255,100
41917433,11:38:37:433,48.25,100
41917439,11:38:37:439,48.25,100
41917439,11:38:37:439,48.25,100
41917439,11:38:37:439,48.25,7
41918502,11:38:38:502,48.24,100
41918502,11:38:38:502,48.24,100
41918697,11:38:38:697,48.24,100
41918848,11:38:38:848,48.24,100
41919763,11:38:39:763,48.24,100
41997042,11:39:57:42,48.24,100
41997044,11:39:57:44,48.24,100
41997044,11:39:57:44,48.24,3
41997044,11:39:57:44,48.24,100
41997044,11:39:57:44,48.235,100
41997047,11:39:57:47,48.24,611
41997060,11:39:57:60,48.235,100
41997061,11:39:57:61,48.23,100
41997061,11:39:57:61,48.235,100
41997658,11:39:57:658,48.24,100
42003215,11:40:3:215,48.235,100
42003805,11:40:3:805,48.2335,115
42005586,11:40:5:586,48.235,100
42005600,11:40:5:600,48.24,100
42005601,11:40:5:601,48.24,100
42005601,11:40:5:601,48.24,100
42005601,11:40:5:601,48.24,100
42005608,11:40:5:608,48.24,100
42005733,11:40:5:733,48.24,100
42007870,11:40:7:870,48.25,100
42010415,11:40:10:415,48.24,100
42010415,11:40:10:415,48.24,2000
42010419,11:40:10:419,48.235,200
42010777,11:40:10:777,48.24,100
42024410,11:40:24:410,48.24,100
42048044,11:40:48:44,48.24,100
42059906,11:40:59:906,48.24,10
42059913,11:40:59:913,48.24,90
42060182,11:41:0:182,48.24,100
42075779,11:41:15:779,48.245,10
42088876,11:41:28:876,48.24,7
42088876,11:41:28:876,48.24,14
42088877,11:41:28:877,48.24,86
42088877,11:41:28:877,48.24,193
42088877,11:41:28:877,48.24,100
42088877,11:41:28:877,48.24,100
42088877,11:41:28:877,48.24,100
42088877,11:41:28:877,48.24,100
42088877,11:41:28:877,48.24,100
42088877,11:41:28:877,48.24,100
42089439,11:41:29:439,48.24,100
42111019,11:41:51:19,48.24,100
42111032,11:41:51:32,48.24,200
42111039,11:41:51:39,48.24,200
42111214,11:41:51:214,48.24,200
42111718,11:41:51:718,48.24,100
42137846,11:42:17:846,48.24,100
42171036,11:42:51:36,48.23,100
42183672,11:43:3:672,48.24,100
42183672,11:43:3:672,48.24,100
42183672,11:43:3:672,48.24,100
42184254,11:43:4:254,48.24,200
42184255,11:43:4:255,48.24,100
42184255,11:43:4:255,48.24,100
42184256,11:43:4:256,48.25,100
42188897,11:43:8:897,48.25,100
42188898,11:43:8:898,48.25,100
42188898,11:43:8:898,48.25,100
42196900,11:43:16:900,48.25,1
42218031,11:43:38:31,48.26,100
42218032,11:43:38:32,48.25,99
42218032,11:43:38:32,48.26,100
42218032,11:43:38:32,48.26,100
42257654,11:44:17:654,48.27,100
42280270,11:44:40:270,48.26,93
42284898,11:44:44:898,48.2799,1
42290983,11:44:50:983,48.27,100
42291004,11:44:51:4,48.2677,50
42292727,11:44:52:727,48.27,6
42292727,11:44:52:727,48.28,194
42292728,11:44:52:728,48.28,10
42292728,11:44:52:728,48.28,90
42293080,11:44:53:80,48.29,100
42301401,11:45:1:401,48.295,7
42303900,11:45:3:900,48.3,100
42305490,11:45:5:490,48.295,7
42316721,11:45:16:721,48.29,100
42316722,11:45:16:722,48.29,100
42316722,11:45:16:722,48.29,7
42316722,11:45:16:722,48.29,300
42316722,11:45:16:722,48.29,100
42316722,11:45:16:722,48.29,67
42316722,11:45:16:722,48.29,33
42316755,11:45:16:755,48.285,7
42317990,11:45:17:990,48.29,7
42361062,11:46:1:62,48.28,100
42365194,11:46:5:194,48.28,100
42365232,11:46:5:232,48.28,100
42365232,11:46:5:232,48.28,8
42365232,11:46:5:232,48.28,7
42365232,11:46:5:232,48.28,100
42395325,11:46:35:325,48.28,100
42395327,11:46:35:327,48.28,100
42450438,11:47:30:438,48.28,4
42450439,11:47:30:439,48.28,85
42450440,11:47:30:440,48.28,3
42503403,11:48:23:403,48.28,97
42503403,11:48:23:403,48.29,5
42508142,11:48:28:142,48.2494,100
42508143,11:48:28:143,48.2494,100
42508143,11:48:28:143,48.2494,200
42514391,11:48:34:391,48.28,100
42514391,11:48:34:391,48.28,200
42514391,11:48:34:391,48.28,3
42554013,11:49:14:13,48.27,200
42560406,11:49:20:406,48.28,100
42560406,11:49:20:406,48.28,100
42578888,11:49:38:888,48.28,100
42581907,11:49:41:907,48.28,1
42625510,11:50:25:510,48.27,100
42625510,11:50:25:510,48.27,100
42625510,11:50:25:510,48.27,105
42625510,11:50:25:510,48.27,100
42625510,11:50:25:510,48.27,100
42634999,11:50:34:999,48.26,100
42646960,11:50:46:960,48.27,7
42669219,11:51:9:219,48.26,100
42669219,11:51:9:219,48.26,100
42717042,11:51:57:42,48.25,100
42717043,11:51:57:43,48.25,1
42717043,11:51:57:43,48.25,10
42717043,11:51:57:43,48.25,43
42720038,11:52:0:38,48.25,57
42720038,11:52:0:38,48.25,100
42743027,11:52:23:27,48.24,1
42753104,11:52:33:104,48.25,100
42785199,11:53:5:199,48.2301,23
42808167,11:53:28:167,48.267,100
42808167,11:53:28:167,48.267,100
42808550,11:53:28:550,48.24,100
42839001,11:53:59:1,48.24,1
42839686,11:53:59:686,48.24,100
42899010,11:54:59:10,48.24,1
42899015,11:54:59:15,48.24,100
42903907,11:55:3:907,48.25,100
42905040,11:55:5:40,48.24,100
42954695,11:55:54:695,48.2401,1
42960116,11:56:0:116,48.2424,1
43000678,11:56:40:678,48.24,100
43000679,11:56:40:679,48.24,65
43000679,11:56:40:679,48.24,100
43000679,11:56:40:679,48.24,100
43000679,11:56:40:679,48.24,100
43000679,11:56:40:679,48.24,200
43000679,11:56:40:679,48.24,100
43000679,11:56:40:679,48.24,111
43000679,11:56:40:679,48.24,300
43000680,11:56:40:680,48.24,100
43000690,11:56:40:690,48.24,300
43007864,11:56:47:864,48.235,200
43007893,11:56:47:893,48.235,100
43020088,11:57:0:88,48.235,100
43026480,11:57:6:480,48.23,100
43026480,11:57:6:480,48.235,100
43026480,11:57:6:480,48.23,100
43026480,11:57:6:480,48.23,181
43026480,11:57:6:480,48.23,7
43026480,11:57:6:480,48.235,100
43026481,11:57:6:481,48.235,100
43026481,11:57:6:481,48.235,100
43026765,11:57:6:765,48.23,100
43026767,11:57:6:767,48.23,100
43027419,11:57:7:419,48.23,100
43030909,11:57:10:909,48.24,100
43034132,11:57:14:132,48.23,20
43034132,11:57:14:132,48.23,20
43034132,11:57:14:132,48.23,20
43034135,11:57:14:135,48.23,20
43036459,11:57:16:459,48.235,100
43044514,11:57:24:514,48.235,200
43044516,11:57:24:516,48.235,100
43064446,11:57:44:446,48.23,1
43064446,11:57:44:446,48.23,99
43064446,11:57:44:446,48.23,101
43064446,11:57:44:446,48.23,40
43064447,11:57:44:447,48.235,300
43064447,11:57:44:447,48.23,29
43064447,11:57:44:447,48.235,100
43064447,11:57:44:447,48.235,160
43064448,11:57:44:448,48.23,58
43064448,11:57:44:448,48.235,100
43064448,11:57:44:448,48.235,100
43064448,11:57:44:448,48.23,13
43064448,11:57:44:448,48.23,23
43064448,11:57:44:448,48.235,40
43064448,11:57:44:448,48.23,72
43064450,11:57:44:450,48.23,28
43064450,11:57:44:450,48.23,100
43064455,11:57:44:455,48.235,150
43064586,11:57:44:586,48.23,100
43081040,11:58:1:40,48.22,100
43082144,11:58:2:144,48.225,207
43082148,11:58:2:148,48.225,100
43082148,11:58:2:148,48.22,40
43082149,11:58:2:149,48.22,60
43082149,11:58:2:149,48.22,5
43082149,11:58:2:149,48.22,96
43082149,11:58:2:149,48.225,207
43082149,11:58:2:149,48.22,7
43082149,11:58:2:149,48.22,45
43082149,11:58:2:149,48.225,100
43082150,11:58:2:150,48.22,55
43082150,11:58:2:150,48.22,44
43082150,11:58:2:150,48.225,100
43082150,11:58:2:150,48.22,55
43082150,11:58:2:150,48.22,1
43082224,11:58:2:224,48.22,100
43082241,11:58:2:241,48.22,100
43082241,11:58:2:241,48.22,100
43091014,11:58:11:14,48.21,100
43091014,11:58:11:14,48.21,100
43091014,11:58:11:14,48.21,7
43091016,11:58:11:16,48.205,100
43091481,11:58:11:481,48.21,100
43093040,11:58:13:40,48.2,100
43095049,11:58:15:49,48.2,88
43095883,11:58:15:883,48.21,74
43095887,11:58:15:887,48.21,100
43102008,11:58:22:8,48.205,100
43102611,11:58:22:611,48.2,300
43102612,11:58:22:612,48.2,38
43102612,11:58:22:612,48.2,50
43102612,11:58:22:612,48.2,41
43102612,11:58:22:612,48.205,120
43102613,11:58:22:613,48.2,114
43102613,11:58:22:613,48.205,128
43102614,11:58:22:614,48.2,72
43102614,11:58:22:614,48.2,145
43102614,11:58:22:614,48.2,41
43102614,11:58:22:614,48.205,120
43102615,11:58:22:615,48.2,28
43102615,11:58:22:615,48.2,100
43102615,11:58:22:615,48.2,59
43102615,11:58:22:615,48.2,20
43102623,11:58:22:623,48.2,100
43102625,11:58:22:625,48.2,100
43102626,11:58:22:626,48.2,100
43102935,11:58:22:935,48.1997,100
43103139,11:58:23:139,48.2,100
43103305,11:58:23:305,48.196,2
43104029,11:58:24:29,48.195,100
43104900,11:58:24:900,48.19,200
43105189,11:58:25:189,48.19,100
43108427,11:58:28:427,48.2234,100
43119498,11:58:39:498,48.19,100
43120056,11:58:40:56,48.19,53
43120057,11:58:40:57,48.19,47
43120057,11:58:40:57,48.19,100
43120057,11:58:40:57,48.19,200
43120057,11:58:40:57,48.19,100
43120057,11:58:40:57,48.19,100
43120057,11:58:40:57,48.19,100
43120057,11:58:40:57,48.19,100
43120057,11:58:40:57,48.19,100
43120063,11:58:40:63,48.19,100
43147684,11:59:7:684,48.19,93
43147684,11:59:7:684,48.19,107
43147684,11:59:7:684,48.195,107
43147685,11:59:7:685,48.195,107
43147686,11:59:7:686,48.195,107
43147686,11:59:7:686,48.195,107
43147687,11:59:7:687,48.195,107
43147689,11:59:7:689,48.195,107
43147696,11:59:7:696,48.195,100
43147703,11:59:7:703,48.19,50
43147711,11:59:7:711,48.195,100
43147804,11:59:7:804,48.19,100
43148022,11:59:8:22,48.19,50
43148022,11:59:8:22,48.19,7
43148028,11:59:8:28,48.19,100
43152639,11:59:12:639,48.185,100
43154181,11:59:14:181,48.19,100
43154190,11:59:14:190,48.19,100
43154200,11:59:14:200,48.19,200
43154710,11:59:14:710,48.19,200
43171291,11:59:31:291,48.2,100
43171291,11:59:31:291,48.2,100
43171291,11:59:31:291,48.2,100
43171304,11:59:31:304,48.19,19
43192536,11:59:52:536,48.2,100
43192617,11:59:52:617,48.2,100
43192617,11:59:52:617,48.2,100
43192617,11:59:52:617,48.2,89
43192617,11:59:52:617,48.2,154
43192617,11:59:52:617,48.2,11
43192617,11:59:52:617,48.2,446
43192623,11:59:52:623,48.21,100
43192720,11:59:52:720,48.21,100
43193143,11:59:53:143,48.22,21
43199347,11:59:59:347,48.21,500
43199348,11:59:59:348,48.21,200
43199379,11:59:59:379,48.21,1300
43199383,11:59:59:383,48.21,600
43199388,11:59:59:388,48.22,4
43199665,11:59:59:665,48.21,300
43203227,12:0:3:227,48.21,200
43203229,12:0:3:229,48.21,300
43203255,12:0:3:255,48.21,4
43204146,12:0:4:146,48.21,100
43204303,12:0:4:303,48.21,100
43204347,12:0:4:347,48.21,100
43204349,12:0:4:349,48.21,100
43204709,12:0:4:709,48.21,7
43204715,12:0:4:715,48.2115,8
43204738,12:0:4:738,48.21,14
43208295,12:0:8:295,48.21,100
43210677,12:0:10:677,48.21,100
43210679,12:0:10:679,48.21,4
43217223,12:0:17:223,48.21,100
43217223,12:0:17:223,48.21,100
43218858,12:0:18:858,48.205,200
43248714,12:0:48:714,48.22,100
43262651,12:1:2:651,48.22,100
43262651,12:1:2:651,48.22,100
43262651,12:1:2:651,48.22,100
43262651,12:1:2:651,48.22,100
43262651,12:1:2:651,48.22,8
43263462,12:1:3:462,48.22,10
43263564,12:1:3:564,48.22,10
43264136,12:1:4:136,48.23,100
43268678,12:1:8:678,48.23,100
43275712,12:1:15:712,48.23,100
43316472,12:1:56:472,48.24,96
43316472,12:1:56:472,48.24,4
43348948,12:2:28:948,48.24,100
43348948,12:2:28:948,48.24,100
43348949,12:2:28:949,48.24,100
43348949,12:2:28:949,48.24,10
43348979,12:2:28:979,48.24,100
43349064,12:2:29:64,48.24,100
43349749,12:2:29:749,48.24,60
43349749,12:2:29:749,48.24,20
43349751,12:2:29:751,48.24,40
43349751,12:2:29:751,48.24,29
43352093,12:2:32:93,48.24,100
43356282,12:2:36:282,48.24,100
43358489,12:2:38:489,48.24,100
43358753,12:2:38:753,48.24,100
43372000,12:2:52:0,48.26,100
43376343,12:2:56:343,48.26,100
43396876,12:3:16:876,48.26,100
43435215,12:3:55:215,48.28,100
43436335,12:3:56:335,48.27,21
43458173,12:4:18:173,48.29,100
43458173,12:4:18:173,48.29,100
43464419,12:4:24:419,48.3,100
43464419,12:4:24:419,48.3,100
43464419,12:4:24:419,48.3,100
43464419,12:4:24:419,48.3,100
43465994,12:4:25:994,48.3,61
43472770,12:4:32:770,48.31,100
43473231,12:4:33:231,48.31,100
43498351,12:4:58:351,48.31,100
43504317,12:5:4:317,48.31,83
43504317,12:5:4:317,48.31,50
43504317,12:5:4:317,48.31,50
43504317,12:5:4:317,48.31,117
43504317,12:5:4:317,48.31,100
43514273,12:5:14:273,48.3,39
43514273,12:5:14:273,48.3,100
43514273,12:5:14:273,48.3,100
43514273,12:5:14:273,48.3,4
43514273,12:5:14:273,48.3,100
43536025,12:5:36:25,48.3,100
43544246,12:5:44:246,48.3,100
43560008,12:6:0:8,48.29,10
43583509,12:6:23:509,48.3,100
43586941,12:6:26:941,48.29,27
43586941,12:6:26:941,48.29,8
43590122,12:6:30:122,48.29,100
43592010,12:6:32:10,48.3,65
43616131,12:6:56:131,48.29,100
43616181,12:6:56:181,48.28,100
43616182,12:6:56:182,48.28,100
43616183,12:6:56:183,48.28,200
43616183,12:6:56:183,48.28,60
43616183,12:6:56:183,48.28,100
43616183,12:6:56:183,48.28,10
43616183,12:6:56:183,48.28,10
43616183,12:6:56:183,48.28,10
43616183,12:6:56:183,48.28,10
43616197,12:6:56:197,48.28,100
43616198,12:6:56:198,48.28,100
43616198,12:6:56:198,48.28,10
43646315,12:7:26:315,48.28,14
43649213,12:7:29:213,48.28,100
43649213,12:7:29:213,48.28,100
43649213,12:7:29:213,48.28,286
43649224,12:7:29:224,48.275,100
43649224,12:7:29:224,48.27,100
43685620,12:8:5:620,48.27,11
43687953,12:8:7:953,48.27,89
43687954,12:8:7:954,48.27,11
43687954,12:8:7:954,48.27,89
43687954,12:8:7:954,48.27,100
43687954,12:8:7:954,48.27,4
43708426,12:8:28:426,48.231,100
43708427,12:8:28:427,48.231,100
43708428,12:8:28:428,48.231,100
43708429,12:8:28:429,48.231,200
43711669,12:8:31:669,48.26,100
43711669,12:8:31:669,48.26,100
43711669,12:8:31:669,48.26,100
43711669,12:8:31:669,48.26,100
43764004,12:9:24:4,48.26,1
43768521,12:9:28:521,48.26,100
43768521,12:9:28:521,48.26,100
43783925,12:9:43:925,48.27,100
43800597,12:10:0:597,48.25,93
43848008,12:10:48:8,48.25,100
43848009,12:10:48:9,48.25,100
43848009,12:10:48:9,48.25,100
43848009,12:10:48:9,48.25,100
43848009,12:10:48:9,48.25,100
43848012,12:10:48:12,48.25,100
43869032,12:11:9:32,48.25,1
43872870,12:11:12:870,48.26,100
43872870,12:11:12:870,48.26,200
43872873,12:11:12:873,48.26,100
43872873,12:11:12:873,48.26,100
43876798,12:11:16:798,48.26,100
43876798,12:11:16:798,48.27,11
43876798,12:11:16:798,48.27,89
43876798,12:11:16:798,48.27,100
43876798,12:11:16:798,48.27,100
43876799,12:11:16:799,48.26,100
43877829,12:11:17:829,48.27,100
43892715,12:11:32:715,48.28,100
43959661,12:12:39:661,48.277,3
43992437,12:13:12:437,48.27,192
43992437,12:13:12:437,48.27,9
43992437,12:13:12:437,48.27,100
43992437,12:13:12:437,48.27,100
44002191,12:13:22:191,48.27,4
44016007,12:13:36:7,48.26,4
44016007,12:13:36:7,48.26,100
44016007,12:13:36:7,48.26,96
44057698,12:14:17:698,48.2616,100
44057698,12:14:17:698,48.2616,100
44057699,12:14:17:699,48.2616,100
44057700,12:14:17:700,48.2616,100
44057700,12:14:17:700,48.2616,100
44060171,12:14:20:171,48.25,100
44060171,12:14:20:171,48.26,4
44082987,12:14:42:987,48.26,100
44082987,12:14:42:987,48.26,100
44100467,12:15:0:467,48.26,100
44100467,12:15:0:467,48.26,100
44100467,12:15:0:467,48.26,100
44100467,12:15:0:467,48.26,100
44132013,12:15:32:13,48.2404,100
44140893,12:15:40:893,48.241,100
44159138,12:15:59:138,48.24,95
44159138,12:15:59:138,48.24,1
44159138,12:15:59:138,48.24,96
44159138,12:15:59:138,48.24,4
44159139,12:15:59:139,48.24,100
44159139,12:15:59:139,48.24,57
44159139,12:15:59:139,48.24,43
44159148,12:15:59:148,48.24,200
44159168,12:15:59:168,48.23,20
44159562,12:15:59:562,48.24,100
44164181,12:16:4:181,48.23,97
44164181,12:16:4:181,48.23,100
44164181,12:16:4:181,48.23,100
44164181,12:16:4:181,48.23,303
44164184,12:16:4:184,48.23,20
44175653,12:16:15:653,48.23,100
44200237,12:16:40:237,48.23,34
44200238,12:16:40:238,48.23,100
44200239,12:16:40:239,48.23,100
44200242,12:16:40:242,48.24,100
44200243,12:16:40:243,48.235,100
44200243,12:16:40:243,48.24,66
44200243,12:16:40:243,48.24,100
44200243,12:16:40:243,48.24,34
44200243,12:16:40:243,48.24,100
44200243,12:16:40:243,48.24,96
44200243,12:16:40:243,48.24,4
44217008,12:16:57:8,48.23,100
44217570,12:16:57:570,48.23,100
44279023,12:17:59:23,48.22,100
44279023,12:17:59:23,48.22,100
44279023,12:17:59:23,48.22,101
44279023,12:17:59:23,48.22,4
44333623,12:18:53:623,48.22,100
44333645,12:18:53:645,48.22,100
44335600,12:18:55:600,48.22,100
44339352,12:18:59:352,48.2103,42
44369172,12:19:29:172,48.24,100
44412170,12:20:12:170,48.237,100
44412171,12:20:12:171,48.237,300
44412173,12:20:12:173,48.237,100
44429465,12:20:29:465,48.24,100
44460075,12:21:0:75,48.23,200
44464150,12:21:4:150,48.237,400
44472747,12:21:12:747,48.23,100
44472748,12:21:12:748,48.22,100
44477608,12:21:17:608,48.22,100
44479689,12:21:19:689,48.22,100
44482308,12:21:22:308,48.22,20
44482318,12:21:22:318,48.23,18
44482323,12:21:22:323,48.23,80
44487378,12:21:27:378,48.22,20
44512761,12:21:52:761,48.24,10
44524070,12:22:4:70,48.24,100
44524074,12:22:4:74,48.24,100
44524074,12:22:4:74,48.24,50
44545555,12:22:25:555,48.23,100
44586050,12:23:6:50,48.221,2
44586055,12:23:6:55,48.239,27
44624414,12:23:44:414,48.22,80
44624414,12:23:44:414,48.22,20
44624414,12:23:44:414,48.22,100
44662438,12:24:22:438,48.23,8
44662439,12:24:22:439,48.235,4
44662439,12:24:22:439,48.23,1
44662439,12:24:22:439,48.23,95
44662439,12:24:22:439,48.23,100
44662439,12:24:22:439,48.23,4
44662439,12:24:22:439,48.23,213
44662439,12:24:22:439,48.23,19
44662460,12:24:22:460,48.23,10
44662460,12:24:22:460,48.23,10
44662460,12:24:22:460,48.23,61
44662769,12:24:22:769,48.23,100
44677018,12:24:37:18,48.22,200
44677019,12:24:37:19,48.22,80
44677019,12:24:37:19,48.22,4
44677019,12:24:37:19,48.22,66
44677019,12:24:37:19,48.22,34
44677019,12:24:37:19,48.22,66
44677021,12:24:37:21,48.22,3
44677021,12:24:37:21,48.22,34
44698417,12:24:58:417,48.215,100
44703164,12:25:3:164,48.21,100
44780422,12:26:20:422,48.21,100
44848749,12:27:28:749,48.2101,13
44865784,12:27:45:784,48.2158,110
44887145,12:28:7:145,48.22,100
44887146,12:28:7:146,48.22,100
44887146,12:28:7:146,48.22,100
44887146,12:28:7:146,48.22,100
44887146,12:28:7:146,48.22,100
44887146,12:28:7:146,48.22,100
44887146,12:28:7:146,48.22,100
44887147,12:28:7:147,48.23,100
44887151,12:28:7:151,48.22,186
44887151,12:28:7:151,48.22,200
44887262,12:28:7:262,48.22,100
44900505,12:28:20:505,48.23,100
44900510,12:28:20:510,48.23,100
44900510,12:28:20:510,48.23,100
44903861,12:28:23:861,48.23,100
44903861,12:28:23:861,48.23,100
44903866,12:28:23:866,48.22,303
44903867,12:28:23:867,48.22,100
44903867,12:28:23:867,48.22,100
44903868,12:28:23:868,48.22,100
44920645,12:28:40:645,48.223,73
44931132,12:28:51:132,48.228,71
44931135,12:28:51:135,48.22,4
44954537,12:29:14:537,48.23,21
44962189,12:29:22:189,48.23,100
44962189,12:29:22:189,48.23,100
44962189,12:29:22:189,48.23,100
44962189,12:29:22:189,48.23,81
44962338,12:29:22:338,48.23,100
44988573,12:29:48:573,48.24,100
45007585,12:30:7:585,48.24,1
45012112,12:30:12:112,48.2256,100
45012113,12:30:12:113,48.2256,100
45019168,12:30:19:168,48.235,99
45023051,12:30:23:51,48.24,200
45035989,12:30:35:989,48.24,100
45035989,12:30:35:989,48.24,100
45035989,12:30:35:989,48.24,2
45042847,12:30:42:847,48.24,100
45042847,12:30:42:847,48.24,5
45052580,12:30:52:580,48.25,100
45056754,12:30:56:754,48.25,100
45056754,12:30:56:754,48.25,2
45069667,12:31:9:667,48.25,100
45117989,12:31:57:989,48.26,30
45118415,12:31:58:415,48.2599,4
45132211,12:32:12:211,48.2434,100
45132212,12:32:12:212,48.2434,100
45141057,12:32:21:57,48.26,100
45141057,12:32:21:57,48.26,302
45141058,12:32:21:58,48.255,100
45159049,12:32:39:49,48.27,100
45159061,12:32:39:61,48.26,200
45169646,12:32:49:646,48.26,6
45169646,12:32:49:646,48.26,94
45169646,12:32:49:646,48.26,10
45169651,12:32:49:651,48.26,13
45169669,12:32:49:669,48.27,200
45170967,12:32:50:967,48.2675,52
45186634,12:33:6:634,48.26,77
45186634,12:33:6:634,48.26,23
45186634,12:33:6:634,48.26,100
45186634,12:33:6:634,48.26,27
45186639,12:33:6:639,48.27,30
45186739,12:33:6:739,48.27,100
45187185,12:33:7:185,48.27,50
45193042,12:33:13:42,48.263,100
45193043,12:33:13:43,48.263,100
45193043,12:33:13:43,48.263,100
45195992,12:33:15:992,48.26,100
45207664,12:33:27:664,48.27,100
45208043,12:33:28:43,48.27,1
45208316,12:33:28:316,48.26,200
45223423,12:33:43:423,48.28,100
45223424,12:33:43:424,48.28,100
45224943,12:33:44:943,48.29,100
45224962,12:33:44:962,48.29,100
45289522,12:34:49:522,48.3,50
45294828,12:34:54:828,48.29,39
45312990,12:35:12:990,48.2759,100
45316060,12:35:16:60,48.29,100
45319001,12:35:19:1,48.29,19
45319001,12:35:19:1,48.29,100
45319001,12:35:19:1,48.29,481
45319001,12:35:19:1,48.29,100
45319001,12:35:19:1,48.29,100
45319002,12:35:19:2,48.29,10
45319002,12:35:19:2,48.29,90
45327853,12:35:27:853,48.28,2
45330351,12:35:30:351,48.28,100
45330351,12:35:30:351,48.28,600
45330351,12:35:30:351,48.28,500
45330351,12:35:30:351,48.28,100
45330351,12:35:30:351,48.28,100
45330351,12:35:30:351,48.28,100
45330362,12:35:30:362,48.27,500
45330362,12:35:30:362,48.27,200
45330363,12:35:30:363,48.27,100
45330363,12:35:30:363,48.27,100
45330363,12:35:30:363,48.27,100
45330363,12:35:30:363,48.27,100
45336338,12:35:36:338,48.26,300
45336338,12:35:36:338,48.26,100
45336338,12:35:36:338,48.26,4
45357524,12:35:57:524,48.26,30
45373011,12:36:13:11,48.2776,100
45411999,12:36:51:999,48.255,100
45462920,12:37:42:920,48.25,100
45477592,12:37:57:592,48.25,100
45477593,12:37:57:593,48.25,4
45477593,12:37:57:593,48.25,100
45483904,12:38:3:904,48.25,100
45497312,12:38:17:312,48.24,400
45497314,12:38:17:314,48.24,100
45498974,12:38:18:974,48.23,100
45510294,12:38:30:294,48.237,16
45520263,12:38:40:263,48.23,1
45523734,12:38:43:734,48.23,100
45528956,12:38:48:956,48.23,100
45530820,12:38:50:820,48.23,100
45530823,12:38:50:823,48.22,100
45530828,12:38:50:828,48.22,100
45531294,12:38:51:294,48.22,100
45539651,12:38:59:651,48.24,19
45543956,12:39:3:956,48.23,100
45543958,12:39:3:958,48.235,100
45543963,12:39:3:963,48.23,100
45548875,12:39:8:875,48.23,100
45548876,12:39:8:876,48.23,1
45548876,12:39:8:876,48.23,4
45548876,12:39:8:876,48.23,20
45551977,12:39:11:977,48.22,100
45563908,12:39:23:908,48.22,100
45563908,12:39:23:908,48.22,100
45571121,12:39:31:121,48.22,102
45571121,12:39:31:121,48.22,296
45571121,12:39:31:121,48.22,102
45581877,12:39:41:877,48.211,20
45590919,12:39:50:919,48.21,100
45590919,12:39:50:919,48.21,20
45590919,12:39:50:919,48.21,80
45592118,12:39:52:118,48.21,1
45592118,12:39:52:118,48.21,1
45592118,12:39:52:118,48.21,1
45592118,12:39:52:118,48.21,97
45594377,12:39:54:377,48.21,103
45594377,12:39:54:377,48.21,20
45595217,12:39:55:217,48.21,100
45595371,12:39:55:371,48.21,100
45603956,12:40:3:956,48.215,5
45611235,12:40:11:235,48.22,100
45611235,12:40:11:235,48.22,5
45611236,12:40:11:236,48.22,157
45611236,12:40:11:236,48.22,95
45611236,12:40:11:236,48.22,300
45611236,12:40:11:236,48.22,52
45611236,12:40:11:236,48.22,200
45611236,12:40:11:236,48.215,100
45611236,12:40:11:236,48.22,52
45611236,12:40:11:236,48.22,100
45611236,12:40:11:236,48.22,43
45611236,12:40:11:236,48.22,48
45611236,12:40:11:236,48.22,48
45611236,12:40:11:236,48.22,100
45611236,12:40:11:236,48.22,15
45611236,12:40:11:236,48.22,85
45611236,12:40:11:236,48.22,100
45611236,12:40:11:236,48.22,200
45611236,12:40:11:236,48.22,90
45611236,12:40:11:236,48.22,10
45631799,12:40:31:799,48.225,95
45633415,12:40:33:415,48.225,100
45639600,12:40:39:600,48.22,200
45639600,12:40:39:600,48.22,100
45639600,12:40:39:600,48.22,100
45639600,12:40:39:600,48.22,4
45639600,12:40:39:600,48.22,100
45639600,12:40:39:600,48.22,96
45639601,12:40:39:601,48.22,200
45639602,12:40:39:602,48.22,4
45663012,12:41:3:12,48.21,100
45663012,12:41:3:12,48.21,100
45675310,12:41:15:310,48.21,20
45675310,12:41:15:310,48.21,80
45675315,12:41:15:315,48.21,200
45681933,12:41:21:933,48.215,21
45715711,12:41:55:711,48.22,79
45727444,12:42:7:444,48.22,100
45752535,12:42:32:535,48.2101,10
45753199,12:42:33:199,48.2199,90
45773918,12:42:53:918,48.21,100
45779826,12:42:59:826,48.21,10
45786421,12:43:6:421,48.21,100
45786438,12:43:6:438,48.21,10
45796793,12:43:16:793,48.21,100
