MsOfDay, Time,Price,Size
34201004,9:30:1:4,46.63,8981
34205791,9:30:5:791,46.69,62
34213243,9:30:13:243,46.63,227
34214296,9:30:14:296,46.63,12
34214298,9:30:14:298,46.63,8
34250525,9:30:50:525,46.46,1
34250526,9:30:50:526,46.5,3
34250559,9:30:50:559,46.5,17
34274385,9:31:14:385,46.46,1
34274385,9:31:14:385,46.46,3
34274385,9:31:14:385,46.46,3
34288065,9:31:28:65,46.46,17
34293494,9:31:33:494,46.63,1
34323663,9:32:3:663,46.62,22
34323663,9:32:3:663,46.64,78
34323663,9:32:3:663,46.62,22
34323663,9:32:3:663,46.63,78
34341559,9:32:21:559,46.5,7
34341653,9:32:21:653,46.61,2
34346098,9:32:26:98,46.62,2
34369155,9:32:49:155,46.55,11
34381202,9:33:1:202,46.62,100
34381204,9:33:1:204,46.62,100
34381205,9:33:1:205,46.63,100
34381205,9:33:1:205,46.62,100
34381205,9:33:1:205,46.62,100
34381210,9:33:1:210,46.62,200
34381510,9:33:1:510,46.66,3
34381510,9:33:1:510,46.66,97
34381510,9:33:1:510,46.66,100
34381511,9:33:1:511,46.66,100
34381521,9:33:1:521,46.66,100
34381537,9:33:1:537,46.66,100
34381538,9:33:1:538,46.67,17
34381538,9:33:1:538,46.67,78
34381604,9:33:1:604,46.64,30
34388389,9:33:8:389,46.67,1
34388391,9:33:8:391,46.67,39
34388391,9:33:8:391,46.67,222
34388392,9:33:8:392,46.67,99
34393948,9:33:13:948,46.7,23
34394688,9:33:14:688,46.7,100
34402802,9:33:22:802,46.7,200
34414948,9:33:34:948,46.7,100
34414951,9:33:34:951,46.7,5
34419498,9:33:39:498,46.7,100
34419498,9:33:39:498,46.7,95
34419500,9:33:39:500,46.71,14
34419501,9:33:39:501,46.7,100
34437234,9:33:57:234,46.71,23
34440037,9:34:0:37,46.71,3
34440037,9:34:0:37,46.71,100
34440038,9:34:0:38,46.71,59
34440109,9:34:0:109,46.71,1
34445299,9:34:5:299,46.72,100
34445300,9:34:5:300,46.72,51
34445300,9:34:5:300,46.72,49
34445323,9:34:5:323,46.71,100
34446929,9:34:6:929,46.76,10
34454259,9:34:14:259,46.7,1
34454437,9:34:14:437,46.77,100
34455748,9:34:15:748,46.7,100
34455748,9:34:15:748,46.7,100
34455748,9:34:15:748,46.7,100
34455748,9:34:15:748,46.7,99
34455748,9:34:15:748,46.69,100
34455749,9:34:15:749,46.69,51
34455749,9:34:15:749,46.69,49
34455749,9:34:15:749,46.69,12
34455749,9:34:15:749,46.69,88
34455749,9:34:15:749,46.69,100
34478636,9:34:38:636,46.67,100
34478638,9:34:38:638,46.66,100
34478638,9:34:38:638,46.66,100
34478640,9:34:38:640,46.65,100
34478640,9:34:38:640,46.65,100
34478640,9:34:38:640,46.65,100
34478641,9:34:38:641,46.65,100
34478641,9:34:38:641,46.65,100
34478643,9:34:38:643,46.63,100
34478727,9:34:38:727,46.62,100
34486987,9:34:46:987,46.62,100
34486987,9:34:46:987,46.62,100
34486988,9:34:46:988,46.62,100
34501575,9:35:1:575,46.57,2
34516933,9:35:16:933,46.605,159
34523400,9:35:23:400,46.58,100
34523400,9:35:23:400,46.58,300
34523402,9:35:23:402,46.57,100
34523402,9:35:23:402,46.57,200
34540018,9:35:40:18,46.61,17
34544815,9:35:44:815,46.56,200
34548086,9:35:48:86,46.57,100
34549025,9:35:49:25,46.57,100
34560782,9:36:0:782,46.56,200
34560783,9:36:0:783,46.57,1
34560783,9:36:0:783,46.56,100
34560783,9:36:0:783,46.56,100
34560783,9:36:0:783,46.56,100
34560783,9:36:0:783,46.56,36
34560784,9:36:0:784,46.55,7
34568575,9:36:8:575,46.56,100
34568576,9:36:8:576,46.57,458
34568576,9:36:8:576,46.57,42
34568581,9:36:8:581,46.565,100
34568587,9:36:8:587,46.58,300
34592110,9:36:32:110,46.58,37
34617922,9:36:57:922,46.58,200
34617922,9:36:57:922,46.58,100
34617922,9:36:57:922,46.58,100
34617922,9:36:57:922,46.58,150
34617922,9:36:57:922,46.58,49
34617922,9:36:57:922,46.58,100
34617922,9:36:57:922,46.58,400
34617922,9:36:57:922,46.58,1
34617930,9:36:57:930,46.58,100
34618095,9:36:58:95,46.57,100
34618095,9:36:58:95,46.58,100
34619112,9:36:59:112,46.6,100
34619112,9:36:59:112,46.6,100
34619113,9:36:59:113,46.59,100
34619115,9:36:59:115,46.595,100
34619573,9:36:59:573,46.61,100
34619573,9:36:59:573,46.61,100
34619575,9:36:59:575,46.62,100
34619576,9:36:59:576,46.605,100
34619584,9:36:59:584,46.61,100
34629812,9:37:9:812,46.6,35
34634519,9:37:14:519,46.6,100
34634519,9:37:14:519,46.6,65
34639267,9:37:19:267,46.62,200
34662457,9:37:42:457,46.616,38
34676278,9:37:56:278,46.61,1250
34676280,9:37:56:280,46.61,100
34676281,9:37:56:281,46.61,83
34676296,9:37:56:296,46.62,17
34676327,9:37:56:327,46.61,100
34676362,9:37:56:362,46.61,100
34677355,9:37:57:355,46.6,100
34677355,9:37:57:355,46.6,100
34677355,9:37:57:355,46.6,100
34677356,9:37:57:356,46.6,100
34677356,9:37:57:356,46.6,100
34677356,9:37:57:356,46.6,100
34677361,9:37:57:361,46.59,100
34677373,9:37:57:373,46.59,44
34677373,9:37:57:373,46.59,1
34677373,9:37:57:373,46.59,56
34677380,9:37:57:380,46.59,100
34677516,9:37:57:516,46.59,100
34699953,9:38:19:953,46.57,100
34708037,9:38:28:37,46.56,100
34708039,9:38:28:39,46.57,100
34708159,9:38:28:159,46.57,100
34709405,9:38:29:405,46.58,100
34709405,9:38:29:405,46.58,100
34709413,9:38:29:413,46.59,100
34709414,9:38:29:414,46.6,200
34721140,9:38:41:140,46.6,100
34722163,9:38:42:163,46.629,7
34726742,9:38:46:742,46.62,27
34726745,9:38:46:745,46.6299,27
34728695,9:38:48:695,46.63,100
34728695,9:38:48:695,46.63,100
34728696,9:38:48:696,46.64,100
34737817,9:38:57:817,46.66,173
34737817,9:38:57:817,46.66,100
34737817,9:38:57:817,46.66,100
34737817,9:38:57:817,46.66,27
34737838,9:38:57:838,46.65,100
34741970,9:39:1:970,46.65,100
34751940,9:39:11:940,46.69,100
34751940,9:39:11:940,46.69,100
34751940,9:39:11:940,46.69,100
34751940,9:39:11:940,46.69,100
34751940,9:39:11:940,46.68,49
34751941,9:39:11:941,46.68,77
34751945,9:39:11:945,46.69,200
34752013,9:39:12:13,46.66,90
34752481,9:39:12:481,46.66,100
34752482,9:39:12:482,46.65,100
34752482,9:39:12:482,46.65,100
34752482,9:39:12:482,46.65,50
34752482,9:39:12:482,46.65,150
34752483,9:39:12:483,46.65,100
34752601,9:39:12:601,46.655,300
34754485,9:39:14:485,46.64,100
34754485,9:39:14:485,46.64,100
34760484,9:39:20:484,46.67,100
34760484,9:39:20:484,46.67,100
34760484,9:39:20:484,46.67,100
34760484,9:39:20:484,46.67,100
34768508,9:39:28:508,46.67,1
34769003,9:39:29:3,46.66,100
34769003,9:39:29:3,46.66,100
34770537,9:39:30:537,46.65,100
34770537,9:39:30:537,46.65,200
34770537,9:39:30:537,46.65,100
34776485,9:39:36:485,46.66,100
34776485,9:39:36:485,46.66,100
34780264,9:39:40:264,46.66,100
34782546,9:39:42:546,46.68,100
34782546,9:39:42:546,46.68,100
34782546,9:39:42:546,46.68,100
34782546,9:39:42:546,46.68,100
34782546,9:39:42:546,46.68,100
34782594,9:39:42:594,46.69,77
34782594,9:39:42:594,46.69,100
34782603,9:39:42:603,46.69,100
34782603,9:39:42:603,46.69,23
34807724,9:40:7:724,46.69,100
34807731,9:40:7:731,46.695,100
34808842,9:40:8:842,46.68,100
34808842,9:40:8:842,46.68,100
34808842,9:40:8:842,46.68,100
34830229,9:40:30:229,46.66,5
34859430,9:40:59:430,46.68,100
34859430,9:40:59:430,46.68,100
34859430,9:40:59:430,46.68,100
34859430,9:40:59:430,46.68,100
34859430,9:40:59:430,46.68,100
34859430,9:40:59:430,46.68,100
34859430,9:40:59:430,46.68,100
34859430,9:40:59:430,46.68,100
34875011,9:41:15:11,46.69,100
34875011,9:41:15:11,46.69,100
34881337,9:41:21:337,46.69,50
34881346,9:41:21:346,46.686,1200
34881347,9:41:21:347,46.7,100
34881347,9:41:21:347,46.69,77
34881355,9:41:21:355,46.71,40
34881371,9:41:21:371,46.7,100
34886417,9:41:26:417,46.7,100
34887918,9:41:27:918,46.69,200
34900258,9:41:40:258,46.7,16
34931326,9:42:11:326,46.72,300
34931326,9:42:11:326,46.72,100
34931327,9:42:11:327,46.72,100
34931327,9:42:11:327,46.72,100
34931327,9:42:11:327,46.72,100
34932555,9:42:12:555,46.73,1
34942792,9:42:22:792,46.73,100
34942792,9:42:22:792,46.73,100
34942809,9:42:22:809,46.72,20
34977101,9:42:57:101,46.73,1
34984052,9:43:4:52,46.72,100
34984336,9:43:4:336,46.74,4
34985654,9:43:5:654,46.72,100
34985655,9:43:5:655,46.72,1
34985655,9:43:5:655,46.72,99
34985655,9:43:5:655,46.72,10
34985656,9:43:5:656,46.71,100
34985696,9:43:5:696,46.71,100
34996485,9:43:16:485,46.73,100
34996485,9:43:16:485,46.73,100
34996485,9:43:16:485,46.73,100
34996485,9:43:16:485,46.73,100
34996485,9:43:16:485,46.73,100
34996487,9:43:16:487,46.74,100
34996487,9:43:16:487,46.74,100
34996487,9:43:16:487,46.74,100
34996769,9:43:16:769,46.75,200
34996769,9:43:16:769,46.7499,200
34996771,9:43:16:771,46.75,200
34996771,9:43:16:771,46.75,99
34996771,9:43:16:771,46.75,1
34996771,9:43:16:771,46.75,1
34996782,9:43:16:782,46.7425,106
34996816,9:43:16:816,46.7499,100
34996824,9:43:16:824,46.7499,200
34996889,9:43:16:889,46.73,100
35000420,9:43:20:420,46.77,100
35000425,9:43:20:425,46.77,16
35003403,9:43:23:403,46.8,200
35003403,9:43:23:403,46.8,100
35003403,9:43:23:403,46.8,100
35003403,9:43:23:403,46.8,24
35003403,9:43:23:403,46.8,100
35003403,9:43:23:403,46.8,100
35003403,9:43:23:403,46.8,76
35003403,9:43:23:403,46.8,100
35012006,9:43:32:6,46.77,100
35012006,9:43:32:6,46.77,100
35015149,9:43:35:149,46.76,100
35015149,9:43:35:149,46.76,200
35015149,9:43:35:149,46.76,100
35015307,9:43:35:307,46.74,100
35015307,9:43:35:307,46.74,100
35015307,9:43:35:307,46.74,100
35015307,9:43:35:307,46.74,100
35015316,9:43:35:316,46.745,200
35022178,9:43:42:178,46.73,100
35022178,9:43:42:178,46.73,100
35022178,9:43:42:178,46.73,100
35057783,9:44:17:783,46.77,100
35057783,9:44:17:783,46.77,100
35057783,9:44:17:783,46.76,1
35057783,9:44:17:783,46.77,100
35057783,9:44:17:783,46.77,100
35057783,9:44:17:783,46.77,100
35057783,9:44:17:783,46.77,100
35057784,9:44:17:784,46.77,100
35057784,9:44:17:784,46.75,100
35057784,9:44:17:784,46.77,100
35057784,9:44:17:784,46.77,100
35057784,9:44:17:784,46.77,100
35061093,9:44:21:93,46.78,100
35061614,9:44:21:614,46.75,10
35072011,9:44:32:11,46.74,100
35072011,9:44:32:11,46.74,100
35072012,9:44:32:12,46.75,100
35072014,9:44:32:14,46.75,100
35072039,9:44:32:39,46.71,100
35072039,9:44:32:39,46.71,100
35072039,9:44:32:39,46.75,100
35072039,9:44:32:39,46.75,100
35072039,9:44:32:39,46.75,100
35072070,9:44:32:70,46.75,2989
35080821,9:44:40:821,46.75,100
35090802,9:44:50:802,46.75,100
35091691,9:44:51:691,46.76,100
35091691,9:44:51:691,46.76,100
35092575,9:44:52:575,46.76,100
35092575,9:44:52:575,46.76,100
35101208,9:45:1:208,46.75,43
35101208,9:45:1:208,46.75,19
35101208,9:45:1:208,46.75,57
35101209,9:45:1:209,46.75,19
35101209,9:45:1:209,46.75,100
35101209,9:45:1:209,46.75,57
35101209,9:45:1:209,46.75,81
35101209,9:45:1:209,46.75,24
35101211,9:45:1:211,46.76,100
35110505,9:45:10:505,46.7478,236
35110943,9:45:10:943,46.76,100
35111674,9:45:11:674,46.74,100
35111675,9:45:11:675,46.74,40
35111675,9:45:11:675,46.74,5
35111675,9:45:11:675,46.74,100
35114861,9:45:14:861,46.75,100
35114861,9:45:14:861,46.75,100
35114863,9:45:14:863,46.75,200
35114863,9:45:14:863,46.75,100
35114863,9:45:14:863,46.75,100
35114863,9:45:14:863,46.75,100
35114863,9:45:14:863,46.75,100
35114863,9:45:14:863,46.75,100
35114869,9:45:14:869,46.75,300
35115096,9:45:15:96,46.73,100
35116614,9:45:16:614,46.73,100
35135298,9:45:35:298,46.75,100
35147802,9:45:47:802,46.75,200
35153478,9:45:53:478,46.77,50
35153478,9:45:53:478,46.76,100
35153478,9:45:53:478,46.76,100
35154117,9:45:54:117,46.78,100
35154117,9:45:54:117,46.78,100
35154119,9:45:54:119,46.79,24
35155162,9:45:55:162,46.8,1
35155162,9:45:55:162,46.81,100
35155162,9:45:55:162,46.8,100
35155162,9:45:55:162,46.8,49
35167824,9:46:7:824,46.81,40
35174704,9:46:14:704,46.81,100
35174704,9:46:14:704,46.81,92
35179702,9:46:19:702,46.81,100
35179702,9:46:19:702,46.81,4
35179702,9:46:19:702,46.81,100
35179702,9:46:19:702,46.81,196
35179702,9:46:19:702,46.81,100
35179709,9:46:19:709,46.79,4
35194350,9:46:34:350,46.79,100
35194350,9:46:34:350,46.79,100
35194357,9:46:34:357,46.76,100
35200815,9:46:40:815,46.78,100
35200815,9:46:40:815,46.78,100
35200815,9:46:40:815,46.78,100
35200815,9:46:40:815,46.78,100
35200821,9:46:40:821,46.76,100
35200821,9:46:40:821,46.76,100
35200821,9:46:40:821,46.76,100
35200827,9:46:40:827,46.75,100
35200827,9:46:40:827,46.75,100
35200828,9:46:40:828,46.76,1
35200828,9:46:40:828,46.75,100
35200831,9:46:40:831,46.76,23
35200831,9:46:40:831,46.76,77
35201343,9:46:41:343,46.76,96
35236136,9:47:16:136,46.77,1
35236136,9:47:16:136,46.77,99
35236136,9:47:16:136,46.77,1
35236136,9:47:16:136,46.77,99
35236136,9:47:16:136,46.77,1
35236136,9:47:16:136,46.77,99
35236136,9:47:16:136,46.77,100
35236136,9:47:16:136,46.77,100
35236136,9:47:16:136,46.77,100
35245059,9:47:25:59,46.78,1
35260028,9:47:40:28,46.79,12
35276263,9:47:56:263,46.77,100
35276263,9:47:56:263,46.77,100
35276263,9:47:56:263,46.77,100
35276263,9:47:56:263,46.77,100
35276263,9:47:56:263,46.77,200
35276264,9:47:56:264,46.76,100
35278921,9:47:58:921,46.72,200
35278924,9:47:58:924,46.72,100
35282453,9:48:2:453,46.6701,10
35287739,9:48:7:739,46.7,100
35287739,9:48:7:739,46.7,100
35287739,9:48:7:739,46.7,100
35325541,9:48:45:541,46.71,40
35345021,9:49:5:21,46.69,100
35347406,9:49:7:406,46.66,1
35347406,9:49:7:406,46.66,100
35350137,9:49:10:137,46.65,100
35350137,9:49:10:137,46.65,350
35350137,9:49:10:137,46.65,50
35350138,9:49:10:138,46.64,100
35350139,9:49:10:139,46.64,48
35350139,9:49:10:139,46.64,52
35350170,9:49:10:170,46.66,100
35350195,9:49:10:195,46.66,5
35360018,9:49:20:18,46.63,100
35360018,9:49:20:18,46.63,600
35366454,9:49:26:454,46.61,100
35366454,9:49:26:454,46.61,100
35366454,9:49:26:454,46.61,100
35366471,9:49:26:471,46.62,100
35366478,9:49:26:478,46.62,100
35366483,9:49:26:483,46.62,100
35371147,9:49:31:147,46.63,100
35371147,9:49:31:147,46.63,100
35371147,9:49:31:147,46.63,273
35371148,9:49:31:148,46.63,27
35371148,9:49:31:148,46.63,73
35371149,9:49:31:149,46.64,100
35371149,9:49:31:149,46.64,100
35385695,9:49:45:695,46.63,100
35398182,9:49:58:182,46.66,3
35400105,9:50:0:105,46.67,200
35400105,9:50:0:105,46.66,97
35400106,9:50:0:106,46.67,3
35400830,9:50:0:830,46.67,1
35400831,9:50:0:831,46.68,100
35420206,9:50:20:206,46.69,200
35420208,9:50:20:208,46.7,39
35420208,9:50:20:208,46.7,61
35420209,9:50:20:209,46.7,100
35422045,9:50:22:45,46.71,100
35422045,9:50:22:45,46.71,100
35422045,9:50:22:45,46.71,91
35422045,9:50:22:45,46.71,9
35422045,9:50:22:45,46.71,9
35422045,9:50:22:45,46.71,9
35422045,9:50:22:45,46.71,31
35431455,9:50:31:455,46.72,100
35431455,9:50:31:455,46.72,100
35431455,9:50:31:455,46.72,69
35431455,9:50:31:455,46.72,18
35434663,9:50:34:663,46.74,100
35434663,9:50:34:663,46.74,98
35434836,9:50:34:836,46.76,100
35435209,9:50:35:209,46.76,100
35435209,9:50:35:209,46.76,100
35436659,9:50:36:659,46.75,100
35466206,9:51:6:206,46.74,100
35466206,9:51:6:206,46.74,100
35466207,9:51:6:207,46.74,100
35466207,9:51:6:207,46.74,100
35466208,9:51:6:208,46.73,100
35466213,9:51:6:213,46.73,100
35466554,9:51:6:554,46.73,100
35466555,9:51:6:555,46.72,39
35466555,9:51:6:555,46.72,61
35466555,9:51:6:555,46.72,3
35466560,9:51:6:560,46.72,100
35466561,9:51:6:561,46.72,100
35468935,9:51:8:935,46.72,100
35480830,9:51:20:830,46.73,1
35480835,9:51:20:835,46.73,1
35484672,9:51:24:672,46.73,2
35489267,9:51:29:267,46.73,5
35489436,9:51:29:436,46.7,4
35491904,9:51:31:904,46.73,10
35492318,9:51:32:318,46.73,81
35492322,9:51:32:322,46.73,1
35493253,9:51:33:253,46.71,17
35493309,9:51:33:309,46.73,18
35496839,9:51:36:839,46.73,82
35496839,9:51:36:839,46.73,18
35497840,9:51:37:840,46.73,38
35498520,9:51:38:520,46.71,100
35498523,9:51:38:523,46.73,100
35498639,9:51:38:639,46.71,42
35523613,9:52:3:613,46.73,19
35532236,9:52:12:236,46.71,186
35532236,9:52:12:236,46.71,50
35532236,9:52:12:236,46.71,100
35532238,9:52:12:238,46.7,184
35532240,9:52:12:240,46.71,100
35532381,9:52:12:381,46.71,320
35532382,9:52:12:382,46.71,300
35545664,9:52:25:664,46.72,100
35545664,9:52:25:664,46.72,100
35545767,9:52:25:767,46.73,100
35547449,9:52:27:449,46.73,1
35552470,9:52:32:470,46.73,100
35554793,9:52:34:793,46.73,23
35554795,9:52:34:795,46.73,1
35580232,9:53:0:232,46.74,2380
35581232,9:53:1:232,46.74,1000
35582989,9:53:2:989,46.73,2
35587718,9:53:7:718,46.73,100
35587921,9:53:7:921,46.72,100
35587941,9:53:7:941,46.71,2
35587941,9:53:7:941,46.71,100
35587945,9:53:7:945,46.7,100
35620070,9:53:40:70,46.73,14
35638817,9:53:58:817,46.73,15
35693202,9:54:53:202,46.73,1
35693202,9:54:53:202,46.73,71
35693212,9:54:53:212,46.73,28
35700209,9:55:0:209,46.74,7
35700209,9:55:0:209,46.74,100
35700210,9:55:0:210,46.74,65
35711078,9:55:11:78,46.74,19
35711079,9:55:11:79,46.74,100
35711079,9:55:11:79,46.74,100
35711079,9:55:11:79,46.74,45
35711079,9:55:11:79,46.74,18
35711079,9:55:11:79,46.74,37
35711081,9:55:11:81,46.74,200
35711081,9:55:11:81,46.74,70
35711081,9:55:11:81,46.74,30
35711081,9:55:11:81,46.74,100
35711081,9:55:11:81,46.74,130
35711128,9:55:11:128,46.75,100
35711128,9:55:11:128,46.75,200
35711137,9:55:11:137,46.75,100
35711137,9:55:11:137,46.75,100
35711137,9:55:11:137,46.75,100
35713126,9:55:13:126,46.74,200
35713126,9:55:13:126,46.75,39
35715227,9:55:15:227,46.74,100
35715227,9:55:15:227,46.74,3
35715227,9:55:15:227,46.74,17
35767436,9:56:7:436,46.75,1
35767446,9:56:7:446,46.75,99
35767446,9:56:7:446,46.75,100
35767446,9:56:7:446,46.75,100
35785179,9:56:25:179,46.76,100
35785181,9:56:25:181,46.76,300
35785181,9:56:25:181,46.76,100
35785181,9:56:25:181,46.76,200
35785181,9:56:25:181,46.76,100
35785181,9:56:25:181,46.76,100
35785181,9:56:25:181,46.76,100
35785181,9:56:25:181,46.76,100
35785183,9:56:25:183,46.76,100
35785241,9:56:25:241,46.76,100
35785241,9:56:25:241,46.76,100
35785241,9:56:25:241,46.76,100
35785241,9:56:25:241,46.76,100
35785241,9:56:25:241,46.76,100
35786397,9:56:26:397,46.79,100
35792944,9:56:32:944,46.79,50
35792944,9:56:32:944,46.79,50
35792944,9:56:32:944,46.79,50
35792944,9:56:32:944,46.79,99
35793340,9:56:33:340,46.8,100
35793593,9:56:33:593,46.79,200
35799707,9:56:39:707,46.81,100
35828232,9:57:8:232,46.7584,200
35828239,9:57:8:239,46.8,10
35828239,9:57:8:239,46.8,1
35830481,9:57:10:481,46.81,100
35830773,9:57:10:773,46.83,100
35854982,9:57:34:982,46.8,20
35872832,9:57:52:832,46.81,100
35872832,9:57:52:832,46.81,100
35872832,9:57:52:832,46.81,100
35873003,9:57:53:3,46.8,25
35873003,9:57:53:3,46.8,38
35873003,9:57:53:3,46.8,75
35873003,9:57:53:3,46.8,100
35873004,9:57:53:4,46.79,100
35873004,9:57:53:4,46.79,100
35873004,9:57:53:4,46.79,100
35875901,9:57:55:901,46.8,400
35875905,9:57:55:905,46.8,300
35877566,9:57:57:566,46.8,100
35877566,9:57:57:566,46.8,100
35885556,9:58:5:556,46.79,100
35890884,9:58:10:884,46.82,100
35895165,9:58:15:165,46.8,10
35901497,9:58:21:497,46.8,71
35970487,9:59:30:487,46.82,51
35970487,9:59:30:487,46.82,7
35970487,9:59:30:487,46.82,49
35970487,9:59:30:487,46.82,1
35970487,9:59:30:487,46.82,100
35970487,9:59:30:487,46.82,93
35970487,9:59:30:487,46.82,63
35970487,9:59:30:487,46.82,37
35970487,9:59:30:487,46.82,100
35970494,9:59:30:494,46.82,100
35970499,9:59:30:499,46.82,400
35970504,9:59:30:504,46.82,400
35970508,9:59:30:508,46.83,100
35970526,9:59:30:526,46.83,100
35970526,9:59:30:526,46.83,100
35970678,9:59:30:678,46.84,50
35972259,9:59:32:259,46.84,7
35972259,9:59:32:259,46.84,43
35972259,9:59:32:259,46.84,10
35972259,9:59:32:259,46.83,100
35973619,9:59:33:619,46.83,100
35974909,9:59:34:909,46.84,100
35980013,9:59:40:13,46.84,21
35980036,9:59:40:36,46.84,79
35980042,9:59:40:42,46.84,21
35987198,9:59:47:198,46.84,39
35987198,9:59:47:198,46.84,61
35987289,9:59:47:289,46.85,100
35988204,9:59:48:204,46.84,100
35988205,9:59:48:205,46.84,100
35988205,9:59:48:205,46.84,100
35988210,9:59:48:210,46.85,100
35999498,9:59:59:498,46.83,20
36004783,10:0:4:783,46.83,65
36004783,10:0:4:783,46.83,100
36004783,10:0:4:783,46.85,1
36004783,10:0:4:783,46.83,15
36004784,10:0:4:784,46.85,1
36004784,10:0:4:784,46.83,34
36004784,10:0:4:784,46.83,1
36004851,10:0:4:851,46.84,100
36004851,10:0:4:851,46.84,85
36011393,10:0:11:393,46.86,26
36012886,10:0:12:886,46.87,100
36016050,10:0:16:50,46.87,100
36049398,10:0:49:398,46.87,100
36049398,10:0:49:398,46.87,200
36049398,10:0:49:398,46.87,100
36049398,10:0:49:398,46.87,100
36049398,10:0:49:398,46.87,49
36050970,10:0:50:970,46.89,100
36050970,10:0:50:970,46.89,100
36050970,10:0:50:970,46.89,95
36061167,10:1:1:167,46.87,12
36065049,10:1:5:49,46.89,2
36070554,10:1:10:554,46.9,100
36070554,10:1:10:554,46.9,100
36070554,10:1:10:554,46.9,40
36071454,10:1:11:454,46.92,100
36071454,10:1:11:454,46.92,89
36071454,10:1:11:454,46.92,100
36071455,10:1:11:455,46.92,11
36071455,10:1:11:455,46.92,92
36071455,10:1:11:455,46.92,100
36071470,10:1:11:470,46.92,57
36071470,10:1:11:470,46.92,43
36071471,10:1:11:471,46.92,100
36071766,10:1:11:766,46.93,100
36086032,10:1:26:32,46.96,100
36089425,10:1:29:425,46.97,100
36108610,10:1:48:610,46.93,100
36118796,10:1:58:796,46.93,100
36118796,10:1:58:796,46.93,100
36118796,10:1:58:796,46.93,61
36118796,10:1:58:796,46.94,234
36118797,10:1:58:797,46.92,100
36118797,10:1:58:797,46.95,200
36118798,10:1:58:798,46.93,100
36118798,10:1:58:798,46.94,100
36118798,10:1:58:798,46.94,100
36118798,10:1:58:798,46.94,100
36118798,10:1:58:798,46.94,100
36118798,10:1:58:798,46.94,100
36118799,10:1:58:799,46.94,10
36118799,10:1:58:799,46.94,10
36118799,10:1:58:799,46.94,10
36118799,10:1:58:799,46.95,100
36118800,10:1:58:800,46.95,54
36118800,10:1:58:800,46.95,46
36118800,10:1:58:800,46.95,17
36118800,10:1:58:800,46.95,83
36118800,10:1:58:800,46.94,100
36118800,10:1:58:800,46.94,100
36118803,10:1:58:803,46.95,100
36118803,10:1:58:803,46.95,100
36118803,10:1:58:803,46.95,100
36118803,10:1:58:803,46.95,100
36118803,10:1:58:803,46.95,100
36118804,10:1:58:804,46.95,100
36118804,10:1:58:804,46.95,100
36118804,10:1:58:804,46.95,100
36118804,10:1:58:804,46.95,100
36118806,10:1:58:806,46.95,100
36118806,10:1:58:806,46.95,100
36118807,10:1:58:807,46.95,100
36118807,10:1:58:807,46.95,10
36118807,10:1:58:807,46.95,10
36118807,10:1:58:807,46.95,10
36119002,10:1:59:2,46.96,100
36119006,10:1:59:6,46.96,100
36119018,10:1:59:18,46.96,100
36119021,10:1:59:21,46.96,10
36119021,10:1:59:21,46.96,90
36119021,10:1:59:21,46.96,100
36119022,10:1:59:22,46.97,500
36119022,10:1:59:22,46.97,100
36119022,10:1:59:22,46.97,100
36119022,10:1:59:22,46.97,233
36119023,10:1:59:23,46.97,100
36119023,10:1:59:23,46.97,100
36120809,10:2:0:809,46.97,100
36125317,10:2:5:317,46.97,100
36128916,10:2:8:916,46.95,100
36128916,10:2:8:916,46.95,100
36128916,10:2:8:916,46.95,100
36128916,10:2:8:916,46.95,100
36128916,10:2:8:916,46.95,100
36128917,10:2:8:917,46.95,200
36128917,10:2:8:917,46.94,100
36128917,10:2:8:917,46.94,50
36128917,10:2:8:917,46.94,100
36128917,10:2:8:917,46.94,12
36128917,10:2:8:917,46.94,38
36128917,10:2:8:917,46.94,10
36128917,10:2:8:917,46.94,90
36128918,10:2:8:918,46.94,100
36128918,10:2:8:918,46.95,100
36128918,10:2:8:918,46.94,100
36128918,10:2:8:918,46.95,100
36128919,10:2:8:919,46.94,100
36128919,10:2:8:919,46.96,100
36128920,10:2:8:920,46.95,195
36128923,10:2:8:923,46.95,100
36128924,10:2:8:924,46.95,295
36128936,10:2:8:936,46.94,100
36129373,10:2:9:373,46.93,100
36129373,10:2:9:373,46.92,100
36129374,10:2:9:374,46.93,100
36129374,10:2:9:374,46.93,14
36129374,10:2:9:374,46.92,100
36129374,10:2:9:374,46.92,10
36129375,10:2:9:375,46.93,100
36129380,10:2:9:380,46.92,100
36129380,10:2:9:380,46.92,100
36129380,10:2:9:380,46.93,100
36129380,10:2:9:380,46.93,100
36129382,10:2:9:382,46.93,500
36129387,10:2:9:387,46.92,100
36129398,10:2:9:398,46.93,86
36129593,10:2:9:593,46.93,200
36129594,10:2:9:594,46.92,100
36132347,10:2:12:347,46.92,100
36132347,10:2:12:347,46.92,100
36132348,10:2:12:348,46.935,100
36132349,10:2:12:349,46.935,100
36132349,10:2:12:349,46.92,100
36132465,10:2:12:465,46.935,100
36133691,10:2:13:691,46.92,100
36213125,10:3:33:125,46.95,100
36213125,10:3:33:125,46.95,100
36229523,10:3:49:523,46.97,75
36229523,10:3:49:523,46.97,25
36251698,10:4:11:698,46.97,100
36251698,10:4:11:698,46.97,21
36254817,10:4:14:817,46.98,100
36254818,10:4:14:818,46.98,100
36254818,10:4:14:818,46.98,100
36259583,10:4:19:583,46.99,100
36259585,10:4:19:585,46.98,100
36259585,10:4:19:585,46.98,10
36259585,10:4:19:585,46.98,190
36259585,10:4:19:585,46.97,100
36260000,10:4:20:0,46.97,100
36260000,10:4:20:0,46.97,100
36260000,10:4:20:0,46.97,100
36260001,10:4:20:1,46.97,100
36262053,10:4:22:53,46.97,100
36292645,10:4:52:645,46.99,100
36292645,10:4:52:645,46.99,64
36292645,10:4:52:645,46.99,100
36292645,10:4:52:645,46.99,49
36292670,10:4:52:670,46.99,100
36292755,10:4:52:755,46.99,100
36294556,10:4:54:556,46.99,32
36294556,10:4:54:556,46.99,68
36299019,10:4:59:19,47,200
36300667,10:5:0:667,47,100
36300667,10:5:0:667,47,100
36300667,10:5:0:667,47,471
36324009,10:5:24:9,47,100
36324133,10:5:24:133,47.01,100
36331548,10:5:31:548,46.99,300
36331548,10:5:31:548,46.99,100
36331548,10:5:31:548,46.99,100
36331548,10:5:31:548,46.99,200
36331548,10:5:31:548,46.99,100
36331548,10:5:31:548,46.99,100
36331548,10:5:31:548,46.99,100
36331548,10:5:31:548,46.99,100
36331548,10:5:31:548,46.99,100
36331548,10:5:31:548,46.99,200
36331549,10:5:31:549,46.99,81
36331549,10:5:31:549,46.99,94
36331549,10:5:31:549,46.99,6
36331549,10:5:31:549,46.99,94
36331549,10:5:31:549,46.99,19
36331549,10:5:31:549,46.99,6
36331549,10:5:31:549,46.99,100
36331549,10:5:31:549,46.99,100
36331549,10:5:31:549,47,100
36331549,10:5:31:549,47,100
36331549,10:5:31:549,47,100
36331549,10:5:31:549,47,100
36331549,10:5:31:549,47,100
36331550,10:5:31:550,47,100
36331550,10:5:31:550,46.99,100
36331551,10:5:31:551,47,100
36331553,10:5:31:553,47,100
36331555,10:5:31:555,46.99,100
36331654,10:5:31:654,47,100
36333284,10:5:33:284,46.98,149
36333284,10:5:33:284,46.98,100
36333285,10:5:33:285,46.98,100
36333285,10:5:33:285,46.98,100
36333285,10:5:33:285,46.98,100
36333285,10:5:33:285,46.98,100
36333285,10:5:33:285,46.98,100
36333285,10:5:33:285,46.985,100
36333286,10:5:33:286,46.9825,100
36334245,10:5:34:245,46.98,100
36334888,10:5:34:888,46.99,100
36334888,10:5:34:888,46.99,100
36334888,10:5:34:888,46.99,200
36334896,10:5:34:896,46.99,300
36334896,10:5:34:896,46.99,100
36334897,10:5:34:897,46.99,100
36334897,10:5:34:897,46.99,100
36335227,10:5:35:227,47,200
36335229,10:5:35:229,47,100
36335229,10:5:35:229,47,100
36335229,10:5:35:229,47,100
36335231,10:5:35:231,47,356
36335622,10:5:35:622,47,100
36335623,10:5:35:623,46.99,100
36337650,10:5:37:650,46.98,100
36337652,10:5:37:652,46.995,100
36337768,10:5:37:768,46.995,100
36338948,10:5:38:948,46.98,100
36338948,10:5:38:948,46.98,100
36338949,10:5:38:949,46.99,100
36338950,10:5:38:950,46.99,100
36338961,10:5:38:961,46.99,100
36340060,10:5:40:60,46.98,100
36340060,10:5:40:60,46.98,100
36340060,10:5:40:60,46.98,72
36340060,10:5:40:60,46.98,44
36340946,10:5:40:946,46.97,200
36340970,10:5:40:970,46.98,28
36340972,10:5:40:972,47.01,226
36340973,10:5:40:973,47,39
36340975,10:5:40:975,47.01,200
36367323,10:6:7:323,47,64
36381251,10:6:21:251,47,36
36387085,10:6:27:85,46.97,3
36387415,10:6:27:415,46.97,2
36387670,10:6:27:670,46.97,1
36388267,10:6:28:267,46.97,2
36388347,10:6:28:347,46.97,6
36388786,10:6:28:786,46.97,2
36388860,10:6:28:860,46.97,3
36391989,10:6:31:989,47,100
36397836,10:6:37:836,47,100
36409022,10:6:49:22,47,100
36413592,10:6:53:592,47,15
36416581,10:6:56:581,47.01,100
36416581,10:6:56:581,47.01,100
36416729,10:6:56:729,47.03,100
36416729,10:6:56:729,47.03,49
36416731,10:6:56:731,47.04,100
36416731,10:6:56:731,47.04,100
36423228,10:7:3:228,47.02,600
36423228,10:7:3:228,47.02,100
36423228,10:7:3:228,47.02,100
36423228,10:7:3:228,47.02,100
36423228,10:7:3:228,47.02,100
36423228,10:7:3:228,47.02,100
36423228,10:7:3:228,47.02,100
36423229,10:7:3:229,47.03,45
36423229,10:7:3:229,47.02,100
36423229,10:7:3:229,47.02,100
36423229,10:7:3:229,47.02,100
36423229,10:7:3:229,47.02,85
36423229,10:7:3:229,47.02,100
36423229,10:7:3:229,47.02,15
36423229,10:7:3:229,47.02,100
36423229,10:7:3:229,47.02,35
36423229,10:7:3:229,47.02,88
36423229,10:7:3:229,47.02,12
36423229,10:7:3:229,47.02,65
36423231,10:7:3:231,47.035,100
36423237,10:7:3:237,47.035,300
36424007,10:7:4:7,47.02,100
36424008,10:7:4:8,47.02,100
36424009,10:7:4:9,47.02,100
36424823,10:7:4:823,47,100
36424823,10:7:4:823,47,100
36428246,10:7:8:246,46.9446,200
36428246,10:7:8:246,46.9446,500
36428616,10:7:8:616,47.02,100
36429022,10:7:9:22,47.02,100
36429022,10:7:9:22,47.02,10
36429029,10:7:9:29,47.02,100
36429034,10:7:9:34,47.01,100
36429034,10:7:9:34,47.01,100
36429037,10:7:9:37,47.015,100
36429064,10:7:9:64,47.011,100
36429986,10:7:9:986,47.015,14
36429986,10:7:9:986,47.01,86
36432479,10:7:12:479,47.01,100
36438837,10:7:18:837,47.02,100
36438838,10:7:18:838,47.02,10
36446602,10:7:26:602,47.02,100
36447698,10:7:27:698,47.02,1
36453239,10:7:33:239,47.03,100
36453239,10:7:33:239,47.03,100
36453239,10:7:33:239,47.03,144
36453239,10:7:33:239,47.03,256
36453246,10:7:33:246,47.03,300
36453668,10:7:33:668,47.04,100
36455193,10:7:35:193,47.02,100
36462572,10:7:42:572,47.03,100
36462573,10:7:42:573,47.03,100
36462573,10:7:42:573,47.03,14
36462576,10:7:42:576,47.03,100
36463831,10:7:43:831,47.02,100
36464636,10:7:44:636,47.04,200
36476154,10:7:56:154,47.02,100
36476154,10:7:56:154,47.02,100
36476154,10:7:56:154,47.02,100
36476154,10:7:56:154,47.02,100
36476154,10:7:56:154,47.02,277
36476154,10:7:56:154,47.02,100
36476154,10:7:56:154,47.02,100
36476154,10:7:56:154,47.02,100
36476154,10:7:56:154,47.01,200
36476154,10:7:56:154,47.01,100
36476154,10:7:56:154,47.01,6
36476155,10:7:56:155,47.01,194
36476165,10:7:56:165,47,66
36476166,10:7:56:166,47,32
36477164,10:7:57:164,47,100
36479018,10:7:59:18,47.01,56
36479262,10:7:59:262,47.01,44
36479639,10:7:59:639,47,100
36479640,10:7:59:640,47,35
36479640,10:7:59:640,47,65
36479640,10:7:59:640,47,34
36481085,10:8:1:85,47,200
36484554,10:8:4:554,46.99,16
36486014,10:8:6:14,46.99,84
36487939,10:8:7:939,46.99,10
36487940,10:8:7:940,46.99,5
36487946,10:8:7:946,46.99,5
36500009,10:8:20:9,46.98,51
36533298,10:8:53:298,46.99,100
36533300,10:8:53:300,46.99,100
36533300,10:8:53:300,46.99,100
36571076,10:9:31:76,46.99,52
36573686,10:9:33:686,46.99,12
36573686,10:9:33:686,46.98,88
36573686,10:9:33:686,46.98,12
36573686,10:9:33:686,46.98,201
36573698,10:9:33:698,46.97,76
36592218,10:9:52:218,46.97,24
36592218,10:9:52:218,46.96,76
36598512,10:9:58:512,46.9799,10
36598749,10:9:58:749,46.9601,10
36599993,10:9:59:993,46.98,100
36608570,10:10:8:570,46.98,100
36608577,10:10:8:577,46.99,200
36647300,10:10:47:300,46.97,100
36647300,10:10:47:300,46.97,147
36647315,10:10:47:315,46.96,100
36647315,10:10:47:315,46.96,100
36647337,10:10:47:337,46.96,100
36683271,10:11:23:271,46.96,100
36687721,10:11:27:721,46.9699,2
36693658,10:11:33:658,46.97,100
36693658,10:11:33:658,46.97,100
36693658,10:11:33:658,46.97,100
36693658,10:11:33:658,46.97,100
36695097,10:11:35:97,46.97,100
36704318,10:11:44:318,46.98,100
36704318,10:11:44:318,46.98,200
36704318,10:11:44:318,46.98,100
36704318,10:11:44:318,46.98,100
36704318,10:11:44:318,46.99,50
36704319,10:11:44:319,46.99,78
36704319,10:11:44:319,46.99,100
36704319,10:11:44:319,46.99,100
36704319,10:11:44:319,46.99,22
36704319,10:11:44:319,46.99,50
36704319,10:11:44:319,46.99,100
36704327,10:11:44:327,46.99,100
36704668,10:11:44:668,46.98,69
36717157,10:11:57:157,46.99,600
36728285,10:12:8:285,47,100
36733623,10:12:13:623,47,100
36735137,10:12:15:137,46.99,1
36735138,10:12:15:138,46.98,200
36735138,10:12:15:138,46.98,101
36735138,10:12:15:138,46.98,100
36735138,10:12:15:138,46.98,100
36735138,10:12:15:138,46.98,100
36735139,10:12:15:139,46.97,100
36735139,10:12:15:139,46.97,100
36735139,10:12:15:139,46.97,64
36735139,10:12:15:139,46.97,100
36735139,10:12:15:139,46.97,100
36735139,10:12:15:139,46.97,100
36735139,10:12:15:139,46.97,100
36735145,10:12:15:145,46.985,300
36735801,10:12:15:801,46.97,100
36736397,10:12:16:397,46.96,78
36740851,10:12:20:851,46.97,83
36744332,10:12:24:332,46.975,102400
36747732,10:12:27:732,46.98,200
36747732,10:12:27:732,46.98,100
36747733,10:12:27:733,46.98,93
36747733,10:12:27:733,46.98,7
36748789,10:12:28:789,46.985,400
36753480,10:12:33:480,46.99,100
36753480,10:12:33:480,47,400
36753480,10:12:33:480,46.99,100
36753480,10:12:33:480,47,100
36753480,10:12:33:480,47,100
36753480,10:12:33:480,47.01,100
36753480,10:12:33:480,46.99,100
36753480,10:12:33:480,47.01,100
36753480,10:12:33:480,47.01,100
36753480,10:12:33:480,47,100
36753480,10:12:33:480,47,100
36753480,10:12:33:480,47,100
36753480,10:12:33:480,47,100
36753480,10:12:33:480,46.99,100
36753480,10:12:33:480,47,100
36753480,10:12:33:480,47,100
36753480,10:12:33:480,47.01,100
36753480,10:12:33:480,47.01,100
36758989,10:12:38:989,47.02,100
36758997,10:12:38:997,47.02,100
36758998,10:12:38:998,47.02,100
36759790,10:12:39:790,47.02,100
36761301,10:12:41:301,47.02,97
36768400,10:12:48:400,47.03,100
36768402,10:12:48:402,47.03,100
36768407,10:12:48:407,47.03,100
36769399,10:12:49:399,47.04,14
36791455,10:13:11:455,47.05,90
36791455,10:13:11:455,47.05,101
36791455,10:13:11:455,47.05,122
36791455,10:13:11:455,47.05,10
36791455,10:13:11:455,47.05,90
36791458,10:13:11:458,47.06,100
36793359,10:13:13:359,47.06,100
36793361,10:13:13:361,47.06,100
36793361,10:13:13:361,47.06,100
36819163,10:13:39:163,46.9785,200
36821586,10:13:41:586,47.05,100
36821586,10:13:41:586,47.05,100
36821586,10:13:41:586,47.05,100
36821586,10:13:41:586,47.05,100
36821586,10:13:41:586,47.05,100
36821586,10:13:41:586,47.05,400
36821586,10:13:41:586,47.05,100
36821586,10:13:41:586,47.05,100
36821586,10:13:41:586,47.05,200
36821586,10:13:41:586,47.05,100
36821586,10:13:41:586,47.05,100
36821586,10:13:41:586,47.05,100
36821587,10:13:41:587,47.04,300
36821587,10:13:41:587,47.04,100
36821587,10:13:41:587,47.04,200
36821587,10:13:41:587,47.04,100
36821588,10:13:41:588,47.04,100
36821591,10:13:41:591,47.04,100
36821593,10:13:41:593,47.04,100
36821594,10:13:41:594,47.04,100
36833442,10:13:53:442,47.03,100
36833442,10:13:53:442,47.03,100
36833442,10:13:53:442,47.03,100
36833442,10:13:53:442,47.03,7
36833442,10:13:53:442,47.03,94
36833443,10:13:53:443,47.03,100
36834035,10:13:54:35,47.02,7
36834035,10:13:54:35,47.02,93
36834035,10:13:54:35,47.02,100
36834064,10:13:54:64,47.01,100
36834064,10:13:54:64,47.01,8
36834064,10:13:54:64,47.01,92
36834064,10:13:54:64,47.01,100
36834066,10:13:54:66,47,100
36834067,10:13:54:67,47,100
36834161,10:13:54:161,47,7
36838036,10:13:58:36,46.995,600
36853138,10:14:13:138,46.9901,6
36853990,10:14:13:990,47.01,100
36860527,10:14:20:527,47.01,100
36860527,10:14:20:527,47.01,100
36861609,10:14:21:609,47.02,100
36861609,10:14:21:609,47.02,100
36861609,10:14:21:609,47.02,100
36861610,10:14:21:610,47.02,100
36861612,10:14:21:612,47.02,200
36861803,10:14:21:803,47.03,100
36868006,10:14:28:6,47.04,100
36880896,10:14:40:896,47.04,100
36899023,10:14:59:23,47.05,100
36899023,10:14:59:23,47.05,100
36899023,10:14:59:23,47.05,93
36899023,10:14:59:23,47.05,100
36899023,10:14:59:23,47.05,7
36902951,10:15:2:951,47.05,100
36902952,10:15:2:952,47.07,3
36904512,10:15:4:512,47.07,100
36904512,10:15:4:512,47.08,100
36904512,10:15:4:512,47.07,600
36904512,10:15:4:512,47.08,200
36904512,10:15:4:512,47.06,344
36904512,10:15:4:512,47.06,100
36904512,10:15:4:512,47.06,100
36904512,10:15:4:512,47.08,100
36904513,10:15:4:513,47.07,100
36904515,10:15:4:515,47.07,100
36906644,10:15:6:644,47.09,100
36906644,10:15:6:644,47.09,100
36911151,10:15:11:151,47.08,1
36911201,10:15:11:201,47.08,100
36911204,10:15:11:204,47.07,35
36911204,10:15:11:204,47.07,25
36911204,10:15:11:204,47.07,50
36911204,10:15:11:204,47.07,65
36911204,10:15:11:204,47.07,50
36911204,10:15:11:204,47.07,100
36911205,10:15:11:205,47.07,100
36911207,10:15:11:207,47.075,100
36916685,10:15:16:685,47.05,100
36916685,10:15:16:685,47.05,100
36916685,10:15:16:685,47.05,14
36917117,10:15:17:117,47.05,10
36917117,10:15:17:117,47.05,90
36921422,10:15:21:422,47.05,100
36921423,10:15:21:423,47.05,88
36921423,10:15:21:423,47.05,12
36921423,10:15:21:423,47.05,10
36921428,10:15:21:428,47.06,100
36922731,10:15:22:731,47.06,100
36922731,10:15:22:731,47.06,300
36922731,10:15:22:731,47.06,100
36922731,10:15:22:731,47.06,100
36922731,10:15:22:731,47.06,100
36922731,10:15:22:731,47.06,79
36922740,10:15:22:740,47.06,300
36922759,10:15:22:759,47.05,100
36923015,10:15:23:15,47.03,44
36923016,10:15:23:16,47.03,656
36923017,10:15:23:17,47.03,31
36923017,10:15:23:17,47.03,169
36924855,10:15:24:855,47.03,100
36924855,10:15:24:855,47.03,100
36924861,10:15:24:861,47.03,100
36928848,10:15:28:848,47.01,200
36956961,10:15:56:961,47.04,100
36956961,10:15:56:961,47.04,100
36956962,10:15:56:962,47.04,100
36992457,10:16:32:457,47.04,67
36992458,10:16:32:458,47.04,100
36992458,10:16:32:458,47.04,100
37000074,10:16:40:74,47.05,100
37030429,10:17:10:429,47.04,100
37030430,10:17:10:430,47.04,200
37030430,10:17:10:430,47.04,100
37030432,10:17:10:432,47.03,300
37030433,10:17:10:433,47.03,1
37030433,10:17:10:433,47.03,100
37030433,10:17:10:433,47.03,100
37030440,10:17:10:440,47.04,300
37031002,10:17:11:2,47.02,200
37031002,10:17:11:2,47.02,100
37031002,10:17:11:2,47.02,100
37032201,10:17:12:201,47.02,100
37048366,10:17:28:366,47.06,100
37048366,10:17:28:366,47.04,200
37048366,10:17:28:366,47.06,200
37048366,10:17:28:366,47.04,100
37048366,10:17:28:366,47.04,100
37048366,10:17:28:366,47.04,100
37048366,10:17:28:366,47.04,56
37062773,10:17:42:773,47.04,9
37069306,10:17:49:306,47.04,4
37094701,10:18:14:701,47.04,100
37110883,10:18:30:883,47.05,100
37110883,10:18:30:883,47.05,100
37152886,10:19:12:886,47.07,100
37152887,10:19:12:887,47.07,100
37152887,10:19:12:887,47.07,100
37160610,10:19:20:610,47.08,100
37160610,10:19:20:610,47.08,29
37161008,10:19:21:8,47.08,100
37169453,10:19:29:453,47.08,100
37172031,10:19:32:31,47.08,100
37172031,10:19:32:31,47.08,100
37172032,10:19:32:32,47.09,100
37172032,10:19:32:32,47.09,700
37172032,10:19:32:32,47.09,100
37172033,10:19:32:33,47.09,100
37172033,10:19:32:33,47.09,100
37172033,10:19:32:33,47.09,100
37172034,10:19:32:34,47.1,200
37172890,10:19:32:890,47.11,100
37173270,10:19:33:270,47.09,100
37173270,10:19:33:270,47.09,100
37176699,10:19:36:699,47.08,100
37176700,10:19:36:700,47.08,100
37176700,10:19:36:700,47.08,10
37176700,10:19:36:700,47.08,10
37176700,10:19:36:700,47.08,80
37176700,10:19:36:700,47.08,120
37176701,10:19:36:701,47.09,100
37176723,10:19:36:723,47.09,100
37176724,10:19:36:724,47.09,200
37176724,10:19:36:724,47.09,100
37176724,10:19:36:724,47.09,100
37177033,10:19:37:33,47.09,100
37179717,10:19:39:717,47.09,100
37179717,10:19:39:717,47.1,100
37179717,10:19:39:717,47.09,100
37179717,10:19:39:717,47.09,100
37179717,10:19:39:717,47.09,200
37179717,10:19:39:717,47.1,100
37179718,10:19:39:718,47.1,100
37179718,10:19:39:718,47.1,100
37179720,10:19:39:720,47.11,100
37183225,10:19:43:225,47.1,200
37183225,10:19:43:225,47.1,800
37183225,10:19:43:225,47.1,100
37183225,10:19:43:225,47.1,10
37187885,10:19:47:885,47.12,100
37187886,10:19:47:886,47.12,100
37187886,10:19:47:886,47.11,4
37187886,10:19:47:886,47.11,1
37189886,10:19:49:886,47.12,4
37189886,10:19:49:886,47.12,1
37189886,10:19:49:886,47.12,95
37189886,10:19:49:886,47.12,5
37189886,10:19:49:886,47.12,400
37191886,10:19:51:886,47.13,100
37191886,10:19:51:886,47.13,100
37191886,10:19:51:886,47.13,100
37191886,10:19:51:886,47.13,100
37191887,10:19:51:887,47.14,100
37191914,10:19:51:914,47.13,100
37193887,10:19:53:887,47.14,100
37194668,10:19:54:668,47.12,200
37194668,10:19:54:668,47.12,100
37194668,10:19:54:668,47.12,100
37194668,10:19:54:668,47.12,100
37194668,10:19:54:668,47.12,100
37194669,10:19:54:669,47.12,100
37194671,10:19:54:671,47.13,100
37194680,10:19:54:680,47.12,100
37194681,10:19:54:681,47.12,100
37198092,10:19:58:92,47.11,100
37198302,10:19:58:302,47.11,100
37198302,10:19:58:302,47.11,100
37198302,10:19:58:302,47.11,100
37199830,10:19:59:830,47.1,100
37199830,10:19:59:830,47.1,100
37199830,10:19:59:830,47.1,200
37209559,10:20:9:559,47.09,51
37209559,10:20:9:559,47.09,49
37209559,10:20:9:559,47.09,12
37209559,10:20:9:559,47.09,49
37209559,10:20:9:559,47.09,200
37209559,10:20:9:559,47.09,39
37209560,10:20:9:560,47.08,75
37214345,10:20:14:345,47.08,100
37215330,10:20:15:330,47.08,100
37215330,10:20:15:330,47.08,201
37215330,10:20:15:330,47.08,1
37215335,10:20:15:335,47.08,100
37223752,10:20:23:752,47.09,100
37223752,10:20:23:752,47.09,500
37223752,10:20:23:752,47.09,100
37223753,10:20:23:753,47.1,100
37239343,10:20:39:343,47.094,66
37239770,10:20:39:770,47.1,300
37239770,10:20:39:770,47.1,100
37239770,10:20:39:770,47.1,100
37239782,10:20:39:782,47.11,100
37240375,10:20:40:375,47.11,700
37240382,10:20:40:382,47.12,100
37240383,10:20:40:383,47.12,100
37242635,10:20:42:635,47.13,100
37242820,10:20:42:820,47.14,100
37242820,10:20:42:820,47.14,100
37242820,10:20:42:820,47.14,100
37243151,10:20:43:151,47.13,100
37256970,10:20:56:970,47.1339,300
37257279,10:20:57:279,47.13,100
37257279,10:20:57:279,47.13,100
37257279,10:20:57:279,47.13,200
37257279,10:20:57:279,47.13,100
37257284,10:20:57:284,47.12,100
37257480,10:20:57:480,47.12,100
37260360,10:21:0:360,47.12,44
37260370,10:21:0:370,47.11,56
37260370,10:21:0:370,47.11,100
37260374,10:21:0:374,47.11,44
37260378,10:21:0:378,47.1,100
37260378,10:21:0:378,47.1,100
37260378,10:21:0:378,47.1,100
37263158,10:21:3:158,47.09,100
37277776,10:21:17:776,47.11,52
37279962,10:21:19:962,47.1,4
37283313,10:21:23:313,47.12,100
37305587,10:21:45:587,47.1001,3
37323385,10:22:3:385,47.12,200
37323385,10:22:3:385,47.12,100
37323385,10:22:3:385,47.12,2
37323385,10:22:3:385,47.13,1000
37323385,10:22:3:385,47.14,300
37323385,10:22:3:385,47.12,100
37323385,10:22:3:385,47.13,100
37323387,10:22:3:387,47.13,135
37323388,10:22:3:388,47.13,165
37323388,10:22:3:388,47.13,100
37323392,10:22:3:392,47.13,100
37325155,10:22:5:155,47.13,100
37325155,10:22:5:155,47.12,100
37330795,10:22:10:795,47.14,45
37373984,10:22:53:984,47.16,21
37373985,10:22:53:985,47.16,100
37373985,10:22:53:985,47.16,350
37373985,10:22:53:985,47.16,100
37373985,10:22:53:985,47.16,329
37373999,10:22:53:999,47.18,100
37374119,10:22:54:119,47.18,14
37374119,10:22:54:119,47.18,10
37389593,10:23:9:593,47.19,100
37389594,10:23:9:594,47.19,7
37389594,10:23:9:594,47.19,100
37395155,10:23:15:155,47.18,22
37397547,10:23:17:547,47.19,100
37397939,10:23:17:939,47.18,100
37397940,10:23:17:940,47.18,100
37397940,10:23:17:940,47.18,200
37397940,10:23:17:940,47.18,78
37397940,10:23:17:940,47.18,100
37397940,10:23:17:940,47.18,100
37397942,10:23:17:942,47.18,100
37402309,10:23:22:309,47.18,100
37406423,10:23:26:423,47.18,100
37406423,10:23:26:423,47.18,400
37406428,10:23:26:428,47.18,100
37406428,10:23:26:428,47.18,100
37406435,10:23:26:435,47.18,100
37406435,10:23:26:435,47.18,10
37406435,10:23:26:435,47.18,10
37406435,10:23:26:435,47.18,100
37406436,10:23:26:436,47.18,80
37406443,10:23:26:443,47.18,20
37406443,10:23:26:443,47.18,2
37407714,10:23:27:714,47.17,100
37407714,10:23:27:714,47.17,100
37408764,10:23:28:764,47.17,100
37419125,10:23:39:125,47.086,100
37419125,10:23:39:125,47.086,200
37421215,10:23:41:215,47.17,100
37421215,10:23:41:215,47.17,100
37421215,10:23:41:215,47.17,100
37421307,10:23:41:307,47.17,100
37425918,10:23:45:918,47.18,100
37426619,10:23:46:619,47.19,100
37426620,10:23:46:620,47.19,100
37434594,10:23:54:594,47.2,100
37434595,10:23:54:595,47.2,37
37434595,10:23:54:595,47.2,32
37434595,10:23:54:595,47.2,300
37434615,10:23:54:615,47.21,100
37438849,10:23:58:849,47.22,100
37438850,10:23:58:850,47.22,100
37441068,10:24:1:68,47.21,100
37441068,10:24:1:68,47.21,100
37441429,10:24:1:429,47.21,100
37444238,10:24:4:238,47.21,47
37444238,10:24:4:238,47.21,100
37444238,10:24:4:238,47.21,252
37444238,10:24:4:238,47.21,1
37444238,10:24:4:238,47.21,100
37444241,10:24:4:241,47.2,100
37444241,10:24:4:241,47.2,100
37444241,10:24:4:241,47.2,6
37444241,10:24:4:241,47.2,94
37444243,10:24:4:243,47.2,100
37445313,10:24:5:313,47.2199,600
37448657,10:24:8:657,47.19,100
37450069,10:24:10:69,47.22,100
37462593,10:24:22:593,47.22,100
37475888,10:24:35:888,47.22,100
37475888,10:24:35:888,47.22,100
37475888,10:24:35:888,47.22,100
37482990,10:24:42:990,47.22,100
37483015,10:24:43:15,47.21,100
37483594,10:24:43:594,47.22,100
37484196,10:24:44:196,47.21,100
37490561,10:24:50:561,47.21,100
37490561,10:24:50:561,47.21,21
37490561,10:24:50:561,47.21,79
37490561,10:24:50:561,47.21,21
37490561,10:24:50:561,47.21,100
37490561,10:24:50:561,47.21,83
37490561,10:24:50:561,47.21,100
37490561,10:24:50:561,47.21,100
37492443,10:24:52:443,47.2,100
37492443,10:24:52:443,47.2,100
37492443,10:24:52:443,47.2,100
37496147,10:24:56:147,47.195,100
37496147,10:24:56:147,47.19,100
37496147,10:24:56:147,47.19,100
37496147,10:24:56:147,47.19,202
37496147,10:24:56:147,47.19,100
37496147,10:24:56:147,47.19,100
37496148,10:24:56:148,47.19,100
37496149,10:24:56:149,47.19,100
37496149,10:24:56:149,47.18,100
37496151,10:24:56:151,47.18,100
37496186,10:24:56:186,47.18,100
37498828,10:24:58:828,47.17,100
37517119,10:25:17:119,47.17,12
37518811,10:25:18:811,47.17,88
37520624,10:25:20:624,47.17,7
37520624,10:25:20:624,47.17,93
37520624,10:25:20:624,47.17,14
37520624,10:25:20:624,47.17,100
37520626,10:25:20:626,47.17,100
37525624,10:25:25:624,47.18,100
37541886,10:25:41:886,47.175,100
37594669,10:26:34:669,47.19,100
37594999,10:26:34:999,47.175,100
37624881,10:27:4:881,47.18,4
37624887,10:27:4:887,47.19,196
37624887,10:27:4:887,47.19,100
37624887,10:27:4:887,47.19,100
37624887,10:27:4:887,47.19,106
37624887,10:27:4:887,47.19,100
37625062,10:27:5:62,47.19,100
37626887,10:27:6:887,47.2,100
37626887,10:27:6:887,47.2,100
37628887,10:27:8:887,47.22,100
37628888,10:27:8:888,47.22,100
37628888,10:27:8:888,47.22,100
37628888,10:27:8:888,47.22,100
37628888,10:27:8:888,47.22,100
37629027,10:27:9:27,47.22,15
37630886,10:27:10:886,47.23,100
37632887,10:27:12:887,47.23,100
37633250,10:27:13:250,47.23,100
37633251,10:27:13:251,47.23,100
37634823,10:27:14:823,47.22,100
37634823,10:27:14:823,47.22,8
37634823,10:27:14:823,47.22,100
37634824,10:27:14:824,47.21,100
37634825,10:27:14:825,47.21,100
37634825,10:27:14:825,47.21,100
37637593,10:27:17:593,47.21,100
37637887,10:27:17:887,47.22,100
37639851,10:27:19:851,47.2399,35
37714654,10:28:34:654,47.24,100
37717607,10:28:37:607,47.24,200
37717607,10:28:37:607,47.24,65
37747895,10:29:7:895,47.21,100
37765593,10:29:25:593,47.24,102
37765593,10:29:25:593,47.24,100
37765593,10:29:25:593,47.24,205
37765593,10:29:25:593,47.24,170
37765593,10:29:25:593,47.24,78
37765593,10:29:25:593,47.24,10
37765593,10:29:25:593,47.24,100
37766722,10:29:26:722,47.26,100
37766742,10:29:26:742,47.25,100
37766742,10:29:26:742,47.25,12
37769594,10:29:29:594,47.26,100
37774159,10:29:34:159,47.27,4
37774593,10:29:34:593,47.27,100
37775100,10:29:35:100,47.27,100
37775104,10:29:35:104,47.26,200
37775104,10:29:35:104,47.26,100
37775724,10:29:35:724,47.26,100
37778273,10:29:38:273,47.26,100
37778273,10:29:38:273,47.26,100
37778273,10:29:38:273,47.26,100
37778273,10:29:38:273,47.26,100
37778273,10:29:38:273,47.26,100
37778273,10:29:38:273,47.26,100
37778273,10:29:38:273,47.25,100
37778275,10:29:38:275,47.25,100
37778275,10:29:38:275,47.25,100
37781718,10:29:41:718,47.24,300
37781718,10:29:41:718,47.24,100
37781718,10:29:41:718,47.24,100
37781718,10:29:41:718,47.24,100
37781719,10:29:41:719,47.24,100
37781719,10:29:41:719,47.24,100
37781719,10:29:41:719,47.24,17
37781719,10:29:41:719,47.24,50
37781727,10:29:41:727,47.24,100
37781754,10:29:41:754,47.24,100
37787222,10:29:47:222,47.24,100
37790896,10:29:50:896,47.24,100
37790896,10:29:50:896,47.24,100
37790903,10:29:50:903,47.24,100
37801406,10:30:1:406,47.24,30
37807251,10:30:7:251,47.24,13
37823536,10:30:23:536,47.2496,400
37862593,10:31:2:593,47.25,100
37868766,10:31:8:766,47.24,17
37868766,10:31:8:766,47.24,100
37868766,10:31:8:766,47.24,100
37868766,10:31:8:766,47.24,100
37868766,10:31:8:766,47.24,161
37868767,10:31:8:767,47.23,100
37868768,10:31:8:768,47.245,100
37868962,10:31:8:962,47.23,100
37869002,10:31:9:2,47.23,100
37873723,10:31:13:723,47.235,100
37879267,10:31:19:267,47.2399,1
37879969,10:31:19:969,47.24,100
37879969,10:31:19:969,47.24,100
37879969,10:31:19:969,47.24,100
37879969,10:31:19:969,47.24,158
37879977,10:31:19:977,47.235,100
37880839,10:31:20:839,47.24,100
37884168,10:31:24:168,47.245,8
37900896,10:31:40:896,47.24,100
37912940,10:31:52:940,47.23,100
37912940,10:31:52:940,47.23,100
37912940,10:31:52:940,47.23,25
37912941,10:31:52:941,47.23,184
37912941,10:31:52:941,47.23,100
37912941,10:31:52:941,47.23,100
37912941,10:31:52:941,47.23,100
37912941,10:31:52:941,47.23,100
37912941,10:31:52:941,47.23,100
37912943,10:31:52:943,47.22,100
37912943,10:31:52:943,47.22,100
37912943,10:31:52:943,47.22,100
37912980,10:31:52:980,47.22,100
37923328,10:32:3:328,47.21,21
37923329,10:32:3:329,47.21,4
37925879,10:32:5:879,47.21,14
37925879,10:32:5:879,47.21,96
37925880,10:32:5:880,47.21,100
37925880,10:32:5:880,47.21,100
37925882,10:32:5:882,47.2,3
37925885,10:32:5:885,47.2,83
37925885,10:32:5:885,47.2,17
37930593,10:32:10:593,47.2,100
37932281,10:32:12:281,47.19,100
37932281,10:32:12:281,47.19,100
37932281,10:32:12:281,47.195,4
37932281,10:32:12:281,47.19,196
37932281,10:32:12:281,47.19,4
37932281,10:32:12:281,47.19,7
37932281,10:32:12:281,47.19,93
37941084,10:32:21:84,47.19,83
37941084,10:32:21:84,47.19,17
37941084,10:32:21:84,47.19,100
37941093,10:32:21:93,47.19,14
37944593,10:32:24:593,47.19,14
37944593,10:32:24:593,47.19,86
37944593,10:32:24:593,47.19,86
37944594,10:32:24:594,47.2,17
37944594,10:32:24:594,47.2,11
37965209,10:32:45:209,47.1902,402
37995593,10:33:15:593,47.22,100
37999593,10:33:19:593,47.23,100
37999617,10:33:19:617,47.23,15
37999618,10:33:19:618,47.23,9
37999618,10:33:19:618,47.23,9
37999647,10:33:19:647,47.23,100
37999647,10:33:19:647,47.23,10
37999648,10:33:19:648,47.22,100
38008593,10:33:28:593,47.23,100
38038807,10:33:58:807,47.24,100
38075195,10:34:35:195,47.24,89
38075196,10:34:35:196,47.24,293
38075196,10:34:35:196,47.24,150
38075196,10:34:35:196,47.24,100
38075196,10:34:35:196,47.24,308
38075196,10:34:35:196,47.24,100
38075301,10:34:35:301,47.25,100
38076593,10:34:36:593,47.25,100
38076593,10:34:36:593,47.25,100
38076594,10:34:36:594,47.26,100
38076716,10:34:36:716,47.25,10
38085022,10:34:45:22,47.26,100
38085022,10:34:45:22,47.26,100
38085593,10:34:45:593,47.26,100
38085594,10:34:45:594,47.26,100
38085594,10:34:45:594,47.26,100
38085602,10:34:45:602,47.26,100
38085887,10:34:45:887,47.27,100
38086104,10:34:46:104,47.26,100
38087092,10:34:47:92,47.27,197
38087102,10:34:47:102,47.27,300
38087472,10:34:47:472,47.27,100
38087472,10:34:47:472,47.27,100
38087472,10:34:47:472,47.27,100
38087472,10:34:47:472,47.27,100
38087893,10:34:47:893,47.28,100
38087896,10:34:47:896,47.28,200
38088523,10:34:48:523,47.27,200
38088523,10:34:48:523,47.27,100
38088523,10:34:48:523,47.27,66
38088523,10:34:48:523,47.27,17
38088523,10:34:48:523,47.27,34
38088652,10:34:48:652,47.27,500
38089594,10:34:49:594,47.27,100
38090699,10:34:50:699,47.27,100
38092045,10:34:52:45,47.265,100
38092401,10:34:52:401,47.265,19
38093128,10:34:53:128,47.265,1
38093872,10:34:53:872,47.265,1
38095203,10:34:55:203,47.265,1
38096169,10:34:56:169,47.265,1
38096947,10:34:56:947,47.265,73
38100928,10:35:0:928,47.27,12
38100928,10:35:0:928,47.27,100
38101331,10:35:1:331,47.27,200
38101332,10:35:1:332,47.27,88
38101343,10:35:1:343,47.27,19
38104279,10:35:4:279,47.27,100
38104358,10:35:4:358,47.27,100
38108592,10:35:8:592,47.27,100
38113592,10:35:13:592,47.27,100
38113933,10:35:13:933,47.26,100
38113977,10:35:13:977,47.26,100
38113978,10:35:13:978,47.26,90
38113978,10:35:13:978,47.26,100
38113978,10:35:13:978,47.26,100
38113979,10:35:13:979,47.26,100
38113981,10:35:13:981,47.26,100
38113983,10:35:13:983,47.26,100
38113983,10:35:13:983,47.25,200
38113985,10:35:13:985,47.25,100
38113985,10:35:13:985,47.25,100
38113985,10:35:13:985,47.25,1
38113985,10:35:13:985,47.25,100
38117934,10:35:17:934,47.25,100
38117934,10:35:17:934,47.25,100
38117934,10:35:17:934,47.25,100
38117934,10:35:17:934,47.245,100
38117934,10:35:17:934,47.25,100
38117934,10:35:17:934,47.25,200
38117939,10:35:17:939,47.245,4
38117939,10:35:17:939,47.25,96
38117939,10:35:17:939,47.25,4
38120221,10:35:20:221,47.2596,200
38128452,10:35:28:452,47.25,100
38128636,10:35:28:636,47.26,5
38128735,10:35:28:735,47.25,18
38138476,10:35:38:476,47.25,100
38140528,10:35:40:528,47.25,182
38140529,10:35:40:529,47.25,10
38140529,10:35:40:529,47.25,100
38149619,10:35:49:619,47.26,100
38149621,10:35:49:621,47.26,175
38149621,10:35:49:621,47.26,25
38149621,10:35:49:621,47.26,100
38149621,10:35:49:621,47.26,70
38154595,10:35:54:595,47.27,100
38158496,10:35:58:496,47.27,7
38158659,10:35:58:659,47.27,100
38158660,10:35:58:660,47.27,93
38159595,10:35:59:595,47.28,100
38162273,10:36:2:273,47.28,256
38162275,10:36:2:275,47.28,100
38164862,10:36:4:862,47.28,100
38164863,10:36:4:863,47.28,1
38168632,10:36:8:632,47.28,65
38171741,10:36:11:741,47.27,400
38171741,10:36:11:741,47.27,100
38171741,10:36:11:741,47.27,100
38171741,10:36:11:741,47.27,100
38171741,10:36:11:741,47.27,100
38171742,10:36:11:742,47.27,100
38171742,10:36:11:742,47.27,100
38171742,10:36:11:742,47.27,100
38171742,10:36:11:742,47.27,100
38171885,10:36:11:885,47.27,700
38176245,10:36:16:245,47.2646,500
38197854,10:36:37:854,47.26,92
38197854,10:36:37:854,47.26,8
38197888,10:36:37:888,47.265,100
38197888,10:36:37:888,47.26,100
38197888,10:36:37:888,47.26,16
38197888,10:36:37:888,47.26,84
38197888,10:36:37:888,47.26,100
38197888,10:36:37:888,47.26,14
38197888,10:36:37:888,47.26,200
38197888,10:36:37:888,47.26,16
38197888,10:36:37:888,47.26,200
38208595,10:36:48:595,47.26,100
38208654,10:36:48:654,47.26,100
38208661,10:36:48:661,47.26,1
38208663,10:36:48:663,47.26,100
38209707,10:36:49:707,47.2633,100
38217595,10:36:57:595,47.26,1
38217595,10:36:57:595,47.26,99
38231944,10:37:11:944,47.25,100
38231955,10:37:11:955,47.25,47
38231955,10:37:11:955,47.25,53
38231955,10:37:11:955,47.25,11
38231956,10:37:11:956,47.25,100
38231956,10:37:11:956,47.25,203
38231956,10:37:11:956,47.25,100
38231956,10:37:11:956,47.25,200
38235774,10:37:15:774,47.245,100
38251848,10:37:31:848,47.25,100
38251870,10:37:31:870,47.25,100
38251870,10:37:31:870,47.25,100
38251870,10:37:31:870,47.25,100
38251870,10:37:31:870,47.25,100
38251870,10:37:31:870,47.25,100
38251971,10:37:31:971,47.25,100
38251972,10:37:31:972,47.25,9
38251972,10:37:31:972,47.25,100
38253596,10:37:33:596,47.25,100
38254492,10:37:34:492,47.25,100
38254496,10:37:34:496,47.24,300
38254498,10:37:34:498,47.23,100
38255969,10:37:35:969,47.24,4
38288311,10:38:8:311,47.24,100
38293592,10:38:13:592,47.23,100
38293592,10:38:13:592,47.23,40
38293592,10:38:13:592,47.23,100
38293593,10:38:13:593,47.23,100
38301478,10:38:21:478,47.225,5
38310927,10:38:30:927,47.22,100
38310927,10:38:30:927,47.22,6
38310928,10:38:30:928,47.22,100
38313133,10:38:33:133,47.215,3
38313133,10:38:33:133,47.215,4
38314105,10:38:34:105,47.215,300
38318313,10:38:38:313,47.21,100
38321099,10:38:41:99,47.21,100
38321099,10:38:41:99,47.21,100
38321099,10:38:41:99,47.21,101
38330845,10:38:50:845,47.2,100
38330845,10:38:50:845,47.2,5
38330845,10:38:50:845,47.19,100
38330846,10:38:50:846,47.19,100
38330880,10:38:50:880,47.19,100
38330881,10:38:50:881,47.19,4
38330881,10:38:50:881,47.19,96
38335439,10:38:55:439,47.19,300
38337509,10:38:57:509,47.18,28
38347930,10:39:7:930,47.18,100
38347931,10:39:7:931,47.18,72
38371434,10:39:31:434,47.19,4
38386020,10:39:46:20,47.19,100
38387614,10:39:47:614,47.175,100
38401616,10:40:1:616,47.175,10
38420101,10:40:20:101,47.175,39
38421072,10:40:21:72,47.19,4
38452238,10:40:52:238,47.19,100
38452239,10:40:52:239,47.19,7
38452239,10:40:52:239,47.19,68
38452239,10:40:52:239,47.19,145
38452239,10:40:52:239,47.19,32
38452239,10:40:52:239,47.19,58
38452239,10:40:52:239,47.19,100
38452239,10:40:52:239,47.19,100
38452239,10:40:52:239,47.19,130
38452246,10:40:52:246,47.2,100
38472032,10:41:12:32,47.21,100
38472131,10:41:12:131,47.2,100
38480513,10:41:20:513,47.2,100
38492635,10:41:32:635,47.19,100
38492635,10:41:32:635,47.19,30
38492635,10:41:32:635,47.19,100
38492635,10:41:32:635,47.19,100
38492635,10:41:32:635,47.19,300
38492635,10:41:32:635,47.19,70
38492635,10:41:32:635,47.19,100
38492635,10:41:32:635,47.19,100
38492636,10:41:32:636,47.19,100
38492636,10:41:32:636,47.19,30
38492637,10:41:32:637,47.195,100
38492644,10:41:32:644,47.195,600
38498816,10:41:38:816,47.19,70
38503015,10:41:43:15,47.185,100
38509583,10:41:49:583,47.19,100
38509583,10:41:49:583,47.19,39
38509583,10:41:49:583,47.19,61
38509583,10:41:49:583,47.19,200
38509583,10:41:49:583,47.19,100
38509583,10:41:49:583,47.19,100
38509583,10:41:49:583,47.19,122
38509583,10:41:49:583,47.19,78
38509584,10:41:49:584,47.19,100
38509584,10:41:49:584,47.19,100
38509587,10:41:49:587,47.2,100
38509589,10:41:49:589,47.2,100
38509590,10:41:49:590,47.2,88
38509590,10:41:49:590,47.2,12
38509590,10:41:49:590,47.2,12
38509590,10:41:49:590,47.2,100
38509592,10:41:49:592,47.2,100
38509601,10:41:49:601,47.185,300
38509607,10:41:49:607,47.205,100
38509631,10:41:49:631,47.2,100
38509631,10:41:49:631,47.2,2
38509632,10:41:49:632,47.2,98
38509632,10:41:49:632,47.2,100
38509634,10:41:49:634,47.2,100
38510731,10:41:50:731,47.2,100
38510732,10:41:50:732,47.2,100
38510738,10:41:50:738,47.1901,95
38526942,10:42:6:942,47.2,13
38561789,10:42:41:789,47.21,100
38563171,10:42:43:171,47.21,600
38563171,10:42:43:171,47.21,93
38563171,10:42:43:171,47.21,100
38563171,10:42:43:171,47.21,7
38563171,10:42:43:171,47.21,100
38563171,10:42:43:171,47.21,100
38563171,10:42:43:171,47.21,100
38563171,10:42:43:171,47.21,7
38563171,10:42:43:171,47.21,100
38563171,10:42:43:171,47.21,100
38563172,10:42:43:172,47.21,10
38563172,10:42:43:172,47.21,10
38563172,10:42:43:172,47.21,10
38563173,10:42:43:173,47.21,100
38563174,10:42:43:174,47.21,100
38563176,10:42:43:176,47.21,100
38578302,10:42:58:302,47.2,32
38578302,10:42:58:302,47.2,68
38578302,10:42:58:302,47.2,100
38578302,10:42:58:302,47.2,82
38578302,10:42:58:302,47.2,100
38578302,10:42:58:302,47.2,100
38578302,10:42:58:302,47.2,118
38578302,10:42:58:302,47.2,82
38578302,10:42:58:302,47.2,1
38578303,10:42:58:303,47.2,168
38578303,10:42:58:303,47.2,332
38578303,10:42:58:303,47.2,18
38578303,10:42:58:303,47.2,14
38578303,10:42:58:303,47.2,18
38578303,10:42:58:303,47.2,82
38578303,10:42:58:303,47.2,100
38578304,10:42:58:304,47.19,100
38578305,10:42:58:305,47.21,100
38578314,10:42:58:314,47.205,600
38578315,10:42:58:315,47.2,500
38578316,10:42:58:316,47.2,100
38578316,10:42:58:316,47.2,100
38578316,10:42:58:316,47.2,100
38578316,10:42:58:316,47.2,100
38578316,10:42:58:316,47.2,100
38578316,10:42:58:316,47.2,100
38578317,10:42:58:317,47.2,100
38578348,10:42:58:348,47.2,100
38578461,10:42:58:461,47.2,10
38579136,10:42:59:136,47.2099,4
38582991,10:43:2:991,47.205,100
38588003,10:43:8:3,47.21,100
38614324,10:43:34:324,47.2,100
38614326,10:43:34:326,47.2,100
38614326,10:43:34:326,47.2,100
38614326,10:43:34:326,47.2,100
38614326,10:43:34:326,47.2,90
38614326,10:43:34:326,47.2,204
38617934,10:43:37:934,47.19,100
38617936,10:43:37:936,47.19,100
38617936,10:43:37:936,47.19,61
38617936,10:43:37:936,47.19,39
38633302,10:43:53:302,47.185,400
38633307,10:43:53:307,47.185,100
38634131,10:43:54:131,47.18,100
38634131,10:43:54:131,47.18,1
38634131,10:43:54:131,47.18,100
38640012,10:44:0:12,47.17,10
38645239,10:44:5:239,47.18,100
38645240,10:44:5:240,47.18,100
38645240,10:44:5:240,47.18,100
38645240,10:44:5:240,47.18,100
38645240,10:44:5:240,47.18,100
38645241,10:44:5:241,47.18,100
38645244,10:44:5:244,47.175,100
38645244,10:44:5:244,47.175,100
38647799,10:44:7:799,47.185,100
38648159,10:44:8:159,47.18,100
38659021,10:44:19:21,47.1741,250
38659313,10:44:19:313,47.175,100
38688944,10:44:48:944,47.18,100
38688944,10:44:48:944,47.18,100
38688944,10:44:48:944,47.18,100
38688944,10:44:48:944,47.18,58
38688944,10:44:48:944,47.18,300
38688947,10:44:48:947,47.18,110
38688948,10:44:48:948,47.18,90
38688951,10:44:48:951,47.18,100
38688957,10:44:48:957,47.175,150
38688958,10:44:48:958,47.18,100
38688967,10:44:48:967,47.17,234
38688967,10:44:48:967,47.17,66
38688967,10:44:48:967,47.17,200
38688967,10:44:48:967,47.17,100
38688967,10:44:48:967,47.17,100
38688988,10:44:48:988,47.17,100
38688988,10:44:48:988,47.17,100
38688990,10:44:48:990,47.17,100
38688990,10:44:48:990,47.17,100
38688990,10:44:48:990,47.17,100
38700570,10:45:0:570,47.17,10
38731686,10:45:31:686,47.17,86
38731686,10:45:31:686,47.175,100
38731686,10:45:31:686,47.17,100
38731686,10:45:31:686,47.17,14
38731686,10:45:31:686,47.17,100
38731686,10:45:31:686,47.17,131
38731686,10:45:31:686,47.17,14
38731686,10:45:31:686,47.17,50
38731686,10:45:31:686,47.17,50
38731686,10:45:31:686,47.17,169
38731686,10:45:31:686,47.17,86
38731686,10:45:31:686,47.17,100
38731687,10:45:31:687,47.17,14
38731688,10:45:31:688,47.17,100
38731694,10:45:31:694,47.17,100
38740170,10:45:40:170,47.17,50
38740170,10:45:40:170,47.17,50
38740170,10:45:40:170,47.17,50
38740170,10:45:40:170,47.17,50
38740170,10:45:40:170,47.17,36
38740170,10:45:40:170,47.17,64
38740170,10:45:40:170,47.17,100
38740170,10:45:40:170,47.17,100
38740171,10:45:40:171,47.17,100
38740171,10:45:40:171,47.17,100
38747787,10:45:47:787,47.18,100
38747788,10:45:47:788,47.18,100
38747795,10:45:47:795,47.18,100
38747797,10:45:47:797,47.18,100
38747797,10:45:47:797,47.18,100
38747801,10:45:47:801,47.18,100
38756787,10:45:56:787,47.19,100
38759413,10:45:59:413,47.18,100
38759414,10:45:59:414,47.18,100
38773084,10:46:13:84,47.18,100
38807827,10:46:47:827,47.18,100
38822427,10:47:2:427,47.19,100
38822427,10:47:2:427,47.19,100
38822427,10:47:2:427,47.19,100
38822427,10:47:2:427,47.19,50
38822427,10:47:2:427,47.19,108
38822427,10:47:2:427,47.19,42
38822427,10:47:2:427,47.19,2
38822427,10:47:2:427,47.19,98
38822427,10:47:2:427,47.19,100
38822427,10:47:2:427,47.19,100
38822428,10:47:2:428,47.19,100
38822430,10:47:2:430,47.185,150
38822430,10:47:2:430,47.185,100
38833599,10:47:13:599,47.19,30
38833604,10:47:13:604,47.19,26
38841703,10:47:21:703,47.19,100
38849187,10:47:29:187,47.2,100
38853886,10:47:33:886,47.2,100
38853886,10:47:33:886,47.2,100
38853888,10:47:33:888,47.2,200
38853888,10:47:33:888,47.2,200
38860787,10:47:40:787,47.2,100
38860886,10:47:40:886,47.2,100
38862886,10:47:42:886,47.2,100
38867145,10:47:47:145,47.19,100
38867145,10:47:47:145,47.19,100
38867145,10:47:47:145,47.19,100
38867147,10:47:47:147,47.19,100
38867147,10:47:47:147,47.19,100
38867147,10:47:47:147,47.19,100
38867147,10:47:47:147,47.19,100
38867147,10:47:47:147,47.19,100
38867887,10:47:47:887,47.19,100
38869886,10:47:49:886,47.2,100
38877789,10:47:57:789,47.2,100
38882787,10:48:2:787,47.2,100
38882886,10:48:2:886,47.2,100
38886226,10:48:6:226,47.19,100
38886229,10:48:6:229,47.19,100
38886260,10:48:6:260,47.19,100
38899435,10:48:19:435,47.18,100
38899436,10:48:19:436,47.18,200
38899505,10:48:19:505,47.18,100
38899505,10:48:19:505,47.18,100
38899505,10:48:19:505,47.18,44
38899505,10:48:19:505,47.18,100
38899505,10:48:19:505,47.18,100
38899505,10:48:19:505,47.18,100
38899506,10:48:19:506,47.18,100
38899507,10:48:19:507,47.185,100
38902099,10:48:22:99,47.175,2
38902101,10:48:22:101,47.175,6
38909459,10:48:29:459,47.17,86
38909459,10:48:29:459,47.17,100
38911668,10:48:31:668,47.1711,50
38922121,10:48:42:121,47.17,14
38922121,10:48:42:121,47.17,14
38922121,10:48:42:121,47.17,100
38922121,10:48:42:121,47.17,100
38922121,10:48:42:121,47.17,100
38922121,10:48:42:121,47.17,100
38922121,10:48:42:121,47.17,100
38922121,10:48:42:121,47.17,100
38922122,10:48:42:122,47.17,100
38922123,10:48:42:123,47.175,100
38922129,10:48:42:129,47.17,100
38922129,10:48:42:129,47.17,300
38922129,10:48:42:129,47.17,100
38922129,10:48:42:129,47.17,100
38922129,10:48:42:129,47.17,100
38922129,10:48:42:129,47.17,100
38922129,10:48:42:129,47.17,6
38922136,10:48:42:136,47.17,100
38922137,10:48:42:137,47.18,300
38922137,10:48:42:137,47.18,100
38922140,10:48:42:140,47.18,100
38922995,10:48:42:995,47.175,100
38928495,10:48:48:495,47.18,100
38928496,10:48:48:496,47.18,100
38928496,10:48:48:496,47.18,100
38928496,10:48:48:496,47.18,100
38929613,10:48:49:613,47.18,100
38929613,10:48:49:613,47.18,200
38929613,10:48:49:613,47.18,100
38929613,10:48:49:613,47.18,100
38943586,10:49:3:586,47.19,100
38983772,10:49:43:772,47.17,100
38983772,10:49:43:772,47.17,100
38983773,10:49:43:773,47.17,10
38983774,10:49:43:774,47.17,7
38983785,10:49:43:785,47.17,26
38983785,10:49:43:785,47.17,57
38998956,10:49:58:956,47.17,3
38998956,10:49:58:956,47.17,97
38999104,10:49:59:104,47.165,100
39000403,10:50:0:403,47.16,10
39003496,10:50:3:496,47.17,100
39029716,10:50:29:716,47.1685,200
39029721,10:50:29:721,47.165,800
39029722,10:50:29:722,47.165,200
39029726,10:50:29:726,47.165,200
39029726,10:50:29:726,47.165,400
39029728,10:50:29:728,47.16,100
39029730,10:50:29:730,47.1601,100
39029733,10:50:29:733,47.1601,327
39029738,10:50:29:738,47.161,200
39029745,10:50:29:745,47.16,100
39029745,10:50:29:745,47.16,245
39029745,10:50:29:745,47.16,100
39029745,10:50:29:745,47.16,100
39029745,10:50:29:745,47.16,100
39029747,10:50:29:747,47.15,1
39030476,10:50:30:476,47.16,100
39031040,10:50:31:40,47.15,10
39031485,10:50:31:485,47.16,100
39032299,10:50:32:299,47.1599,300
39033491,10:50:33:491,47.155,100
39035546,10:50:35:546,47.155,100
39036987,10:50:36:987,47.15,100
39036988,10:50:36:988,47.15,100
39036989,10:50:36:989,47.15,100
39036989,10:50:36:989,47.15,200
39036989,10:50:36:989,47.15,44
39036990,10:50:36:990,47.15,90
39036998,10:50:36:998,47.14,200
39036998,10:50:36:998,47.14,100
39038493,10:50:38:493,47.135,100
39040071,10:50:40:71,47.13,10
39040084,10:50:40:84,47.13,30
39041712,10:50:41:712,47.12,50
39042994,10:50:42:994,47.13,100
39046606,10:50:46:606,47.13,100
39049452,10:50:49:452,47.13,100
39049455,10:50:49:455,47.125,100
39049463,10:50:49:463,47.13,100
39049470,10:50:49:470,47.125,100
39049477,10:50:49:477,47.125,100
39049477,10:50:49:477,47.125,100
39049479,10:50:49:479,47.13,100
39049481,10:50:49:481,47.13,100
39049629,10:50:49:629,47.13,100
39049630,10:50:49:630,47.125,100
39049638,10:50:49:638,47.1275,4
39051496,10:50:51:496,47.13,100
39051688,10:50:51:688,47.13,100
39054069,10:50:54:69,47.125,100
39054073,10:50:54:73,47.125,104
39054079,10:50:54:79,47.125,100
39054082,10:50:54:82,47.13,100
39054082,10:50:54:82,47.13,100
39054082,10:50:54:82,47.13,100
39054082,10:50:54:82,47.13,100
39054082,10:50:54:82,47.125,100
39054091,10:50:54:91,47.13,100
39054101,10:50:54:101,47.125,100
39054520,10:50:54:520,47.13,100
39064492,10:51:4:492,47.135,100
39083853,10:51:23:853,47.135,500
39093379,10:51:33:379,47.135,100
39093423,10:51:33:423,47.135,100
39093424,10:51:33:424,47.135,100
39098459,10:51:38:459,47.14,100
39098459,10:51:38:459,47.14,100
39098459,10:51:38:459,47.14,100
39098459,10:51:38:459,47.14,100
39098459,10:51:38:459,47.14,100
39098459,10:51:38:459,47.14,100
39098461,10:51:38:461,47.14,100
39098461,10:51:38:461,47.14,100
39098461,10:51:38:461,47.14,100
39098461,10:51:38:461,47.14,200
39098461,10:51:38:461,47.14,6
39098461,10:51:38:461,47.14,100
39098461,10:51:38:461,47.14,94
39098462,10:51:38:462,47.14,100
39098462,10:51:38:462,47.14,10
39098462,10:51:38:462,47.14,10
39098467,10:51:38:467,47.14,100
39098817,10:51:38:817,47.14,100
39098818,10:51:38:818,47.14,50
39098818,10:51:38:818,47.14,200
39098819,10:51:38:819,47.14,50
39101118,10:51:41:118,47.14,100
39101786,10:51:41:786,47.13,100
39101786,10:51:41:786,47.13,100
39101786,10:51:41:786,47.13,14
39101786,10:51:41:786,47.13,35
39101786,10:51:41:786,47.13,100
39101786,10:51:41:786,47.13,100
39101786,10:51:41:786,47.13,65
39101786,10:51:41:786,47.13,100
39101786,10:51:41:786,47.13,100
39101786,10:51:41:786,47.13,100
39101786,10:51:41:786,47.13,100
39101865,10:51:41:865,47.1375,100
39102682,10:51:42:682,47.13,100
39107152,10:51:47:152,47.14,100
39107270,10:51:47:270,47.14,400
39112012,10:51:52:12,47.14,100
39112013,10:51:52:13,47.14,20
39114289,10:51:54:289,47.14,20
39114289,10:51:54:289,47.14,80
39115114,10:51:55:114,47.13,10
39115495,10:51:55:495,47.14,20
39119236,10:51:59:236,47.14,100
39120692,10:52:0:692,47.14,100
39120692,10:52:0:692,47.14,100
39120699,10:52:0:699,47.14,100
39120707,10:52:0:707,47.14,100
39120707,10:52:0:707,47.14,100
39120707,10:52:0:707,47.14,100
39124179,10:52:4:179,47.14,100
39126497,10:52:6:497,47.14,100
39129292,10:52:9:292,47.15,3
39130891,10:52:10:891,47.15,100
39132269,10:52:12:269,47.15,13
39132491,10:52:12:491,47.15,97
39132853,10:52:12:853,47.15,100
39132853,10:52:12:853,47.15,3
39132853,10:52:12:853,47.15,100
39132853,10:52:12:853,47.15,87
39132853,10:52:12:853,47.15,100
39132858,10:52:12:858,47.14,100
39132858,10:52:12:858,47.14,300
39132860,10:52:12:860,47.14,100
39132886,10:52:12:886,47.14,100
39132886,10:52:12:886,47.14,100
39132886,10:52:12:886,47.14,100
39135145,10:52:15:145,47.16,100
39138000,10:52:18:0,47.155,300
39138005,10:52:18:5,47.155,100
39138012,10:52:18:12,47.155,100
39138016,10:52:18:16,47.155,100
39138842,10:52:18:842,47.16,96
39141466,10:52:21:466,47.16,100
39149781,10:52:29:781,47.1602,100
39149782,10:52:29:782,47.165,100
39150026,10:52:30:26,47.16,100
39150786,10:52:30:786,47.16,4
39154058,10:52:34:58,47.16,100
39154058,10:52:34:58,47.16,100
39154058,10:52:34:58,47.16,100
39155918,10:52:35:918,47.15,100
39155918,10:52:35:918,47.15,100
39155918,10:52:35:918,47.15,100
39157440,10:52:37:440,47.14,100
39157440,10:52:37:440,47.14,100
39157441,10:52:37:441,47.14,100
39157441,10:52:37:441,47.15,100
39157984,10:52:37:984,47.14,51
39159432,10:52:39:432,47.13,100
39159432,10:52:39:432,47.13,100
39161676,10:52:41:676,47.13,100
39165250,10:52:45:250,47.13,100
39165250,10:52:45:250,47.13,100
39165251,10:52:45:251,47.13,100
39165251,10:52:45:251,47.13,90
39165251,10:52:45:251,47.13,100
39165251,10:52:45:251,47.13,14
39165306,10:52:45:306,47.13,100
39170135,10:52:50:135,47.12,100
39170174,10:52:50:174,47.12,100
39172503,10:52:52:503,47.12,102
39172504,10:52:52:504,47.12,100
39172504,10:52:52:504,47.12,100
39172504,10:52:52:504,47.12,100
39175081,10:52:55:81,47.1,100
39177510,10:52:57:510,47.095,100
39177512,10:52:57:512,47.09,100
39177557,10:52:57:557,47.09,18
39198393,10:53:18:393,47.1,2
39199456,10:53:19:456,47.1,100
39199456,10:53:19:456,47.1,300
39199457,10:53:19:457,47.1,98
39199463,10:53:19:463,47.1,100
39199466,10:53:19:466,47.1,100
39199467,10:53:19:467,47.1,100
39199852,10:53:19:852,46.63,33
39200127,10:53:20:127,47.09,6
39205098,10:53:25:98,47.09,102
39208645,10:53:28:645,47.09,105
39210454,10:53:30:454,47.09,1
39214011,10:53:34:11,47.1,100
39214011,10:53:34:11,47.1,100
39214011,10:53:34:11,47.1,100
39214011,10:53:34:11,47.095,100
39214011,10:53:34:11,47.1,100
39214011,10:53:34:11,47.1,150
39214011,10:53:34:11,47.1,50
39214011,10:53:34:11,47.1,50
39214011,10:53:34:11,47.1,250
39214011,10:53:34:11,47.1,100
39214012,10:53:34:12,47.1,100
39214014,10:53:34:14,47.095,100
39214015,10:53:34:15,47.095,100
39214015,10:53:34:15,47.1,100
39214018,10:53:34:18,47.1,100
39214018,10:53:34:18,47.095,100
39214025,10:53:34:25,47.1,161
39214025,10:53:34:25,47.1,10
39214025,10:53:34:25,47.1,100
39240008,10:54:0:8,47.1,4
39241541,10:54:1:541,47.095,100
39244207,10:54:4:207,47.1,2
39248972,10:54:8:972,47.09,81
39248972,10:54:8:972,47.09,100
39248972,10:54:8:972,47.09,200
39248972,10:54:8:972,47.09,100
39248972,10:54:8:972,47.09,100
39248972,10:54:8:972,47.09,100
39248973,10:54:8:973,47.09,600
39248974,10:54:8:974,47.09,100
39248974,10:54:8:974,47.09,100
39248974,10:54:8:974,47.09,100
39248974,10:54:8:974,47.09,100
39248974,10:54:8:974,47.09,100
39248974,10:54:8:974,47.09,100
39248974,10:54:8:974,47.09,100
39248974,10:54:8:974,47.09,10
39248974,10:54:8:974,47.09,10
39248974,10:54:8:974,47.09,100
39248974,10:54:8:974,47.09,100
39248974,10:54:8:974,47.09,10
39248974,10:54:8:974,47.09,100
39248974,10:54:8:974,47.09,10
39251983,10:54:11:983,47.1,98
39251983,10:54:11:983,47.1,17
39251984,10:54:11:984,47.1,83
39251985,10:54:11:985,47.1,200
39251985,10:54:11:985,47.1,100
39251986,10:54:11:986,47.1,100
39251992,10:54:11:992,47.1,100
39252035,10:54:12:35,47.1,100
39263801,10:54:23:801,47.11,100
39263802,10:54:23:802,47.11,100
39269989,10:54:29:989,47.11,100
39272295,10:54:32:295,47.12,55
39272295,10:54:32:295,47.12,17
39272295,10:54:32:295,47.12,28
39275058,10:54:35:58,47.12,100
39275058,10:54:35:58,47.12,100
39275065,10:54:35:65,47.12,100
39275100,10:54:35:100,47.12,200
39275100,10:54:35:100,47.12,100
39284232,10:54:44:232,47.1299,1
39290445,10:54:50:445,47.12,100
39290493,10:54:50:493,47.13,100
39290493,10:54:50:493,47.13,200
39292494,10:54:52:494,47.14,100
39292494,10:54:52:494,47.14,100
39293307,10:54:53:307,47.14,5
39294495,10:54:54:495,47.15,100
39294495,10:54:54:495,47.15,100
39295855,10:54:55:855,47.14,35
39296248,10:54:56:248,47.14,97
39296618,10:54:56:618,47.16,100
39300088,10:55:0:88,47.14,4
39301496,10:55:1:496,47.16,100
39306496,10:55:6:496,47.16,100
39308496,10:55:8:496,47.16,100
39308507,10:55:8:507,47.16,100
39309024,10:55:9:24,47.155,100
39313496,10:55:13:496,47.16,100
39324440,10:55:24:440,47.155,1
39324540,10:55:24:540,47.15,100
39324540,10:55:24:540,47.15,200
39324540,10:55:24:540,47.15,100
39324540,10:55:24:540,47.15,100
39324540,10:55:24:540,47.15,100
39324540,10:55:24:540,47.15,143
39351913,10:55:51:913,47.15,100
39354435,10:55:54:435,47.15,2
39354863,10:55:54:863,47.15,98
39354863,10:55:54:863,47.15,100
39354863,10:55:54:863,47.15,12
39354863,10:55:54:863,47.15,100
39354864,10:55:54:864,47.15,88
39354865,10:55:54:865,47.145,200
39354865,10:55:54:865,47.145,200
39354865,10:55:54:865,47.145,100
39354865,10:55:54:865,47.15,100
39354865,10:55:54:865,47.15,100
39354865,10:55:54:865,47.15,100
39354865,10:55:54:865,47.15,100
39354865,10:55:54:865,47.15,100
39354866,10:55:54:866,47.15,100
39354866,10:55:54:866,47.15,100
39354866,10:55:54:866,47.15,100
39354867,10:55:54:867,47.15,100
39354869,10:55:54:869,47.15,100
39354899,10:55:54:899,47.15,100
39358741,10:55:58:741,47.15,100
39364277,10:56:4:277,47.15,100
39396096,10:56:36:96,47.15,100
39396096,10:56:36:96,47.15,100
39396096,10:56:36:96,47.15,100
39396098,10:56:36:98,47.15,100
39396098,10:56:36:98,47.15,100
39396099,10:56:36:99,47.155,100
39396099,10:56:36:99,47.15,100
39396101,10:56:36:101,47.15,100
39396104,10:56:36:104,47.15,100
39396105,10:56:36:105,47.15,100
39396105,10:56:36:105,47.15,200
39396158,10:56:36:158,47.15,200
39396158,10:56:36:158,47.15,100
39396198,10:56:36:198,47.15,100
39398355,10:56:38:355,47.14,100
39399983,10:56:39:983,47.14,6
39402367,10:56:42:367,47.14,94
39402367,10:56:42:367,47.14,100
39402367,10:56:42:367,47.14,100
39402627,10:56:42:627,47.14,100
39403466,10:56:43:466,47.14,100
39403466,10:56:43:466,47.14,100
39403466,10:56:43:466,47.14,1
39411835,10:56:51:835,47.14,100
39426004,10:57:6:4,47.13,23
39427744,10:57:7:744,47.1488,100
39441459,10:57:21:459,47.13,100
39441459,10:57:21:459,47.13,100
39441459,10:57:21:459,47.13,100
39441460,10:57:21:460,47.13,100
39441468,10:57:21:468,47.12,2
39441468,10:57:21:468,47.11,198
39441469,10:57:21:469,47.11,100
39441523,10:57:21:523,47.11,100
39444999,10:57:24:999,47.11,100
39444999,10:57:24:999,47.11,100
39462227,10:57:42:227,47.115,100
39471629,10:57:51:629,47.115,100
39478820,10:57:58:820,47.11,100
39483757,10:58:3:757,47.11,100
39483757,10:58:3:757,47.11,100
39483757,10:58:3:757,47.11,200
39491083,10:58:11:83,47.11,7
39491315,10:58:11:315,47.1,100
39491315,10:58:11:315,47.1,100
39491332,10:58:11:332,47.1,100
39491332,10:58:11:332,47.1,100
39491332,10:58:11:332,47.1,100
39491346,10:58:11:346,47.1,100
39491494,10:58:11:494,47.1,100
39494711,10:58:14:711,47.1,100
39494714,10:58:14:714,47.1,100
39499607,10:58:19:607,47.1,100
39504626,10:58:24:626,47.1,100
39525572,10:58:45:572,47.09,100
39525573,10:58:45:573,47.09,100
39525573,10:58:45:573,47.09,100
39535102,10:58:55:102,47.07,150
39535998,10:58:55:998,47.07,100
39535999,10:58:55:999,47.07,100
39536000,10:58:56:0,47.07,100
39546519,10:59:6:519,47.06,1
39546519,10:59:6:519,47.06,99
39546519,10:59:6:519,47.06,100
39549158,10:59:9:158,47.05,100
39560936,10:59:20:936,47.06,3
39565892,10:59:25:892,47.06,97
39565892,10:59:25:892,47.06,3
39565892,10:59:25:892,47.06,97
39565892,10:59:25:892,47.06,100
39565892,10:59:25:892,47.06,100
39565892,10:59:25:892,47.06,100
39565892,10:59:25:892,47.06,200
39565892,10:59:25:892,47.06,100
39565892,10:59:25:892,47.06,100
39565892,10:59:25:892,47.06,100
39565892,10:59:25:892,47.055,100
39565892,10:59:25:892,47.06,200
39565892,10:59:25:892,47.06,95
39565892,10:59:25:892,47.055,100
39565892,10:59:25:892,47.06,5
39565893,10:59:25:893,47.07,401
39565893,10:59:25:893,47.07,100
39565893,10:59:25:893,47.07,99
39565918,10:59:25:918,47.07,100
39566363,10:59:26:363,47.0859,100
39566364,10:59:26:364,47.0859,100
39566733,10:59:26:733,47.07,100
39568682,10:59:28:682,47.08,100
39577255,10:59:37:255,47.07,100
39583679,10:59:43:679,47.07,100
39598755,10:59:58:755,47.06,13
39599690,10:59:59:690,47.06,10
39600080,11:0:0:80,47.06,90
39600080,11:0:0:80,47.06,100
39603487,11:0:3:487,47.06,5
39603487,11:0:3:487,47.06,100
39603487,11:0:3:487,47.06,101
39603487,11:0:3:487,47.06,105
39603487,11:0:3:487,47.06,46
39603487,11:0:3:487,47.06,95
39603489,11:0:3:489,47.07,100
39603489,11:0:3:489,47.07,50
39603489,11:0:3:489,47.07,3
39603489,11:0:3:489,47.07,10
39614542,11:0:14:542,47.07,37
39614542,11:0:14:542,47.07,63
39618371,11:0:18:371,47.07,2
39636314,11:0:36:314,47.06,100
39636315,11:0:36:315,47.06,300
39636315,11:0:36:315,47.06,40
39636315,11:0:36:315,47.06,3
39636315,11:0:36:315,47.06,3
39636315,11:0:36:315,47.06,100
39636315,11:0:36:315,47.06,100
39636315,11:0:36:315,47.06,3
39669487,11:1:9:487,47.05,100
39669487,11:1:9:487,47.05,100
39669487,11:1:9:487,47.05,149
39669488,11:1:9:488,47.05,100
39669488,11:1:9:488,47.05,97
39669488,11:1:9:488,47.05,3
39669488,11:1:9:488,47.05,100
39669489,11:1:9:489,47.05,100
39669498,11:1:9:498,47.04,100
39669500,11:1:9:500,47.05,100
39669505,11:1:9:505,47.04,100
39673142,11:1:13:142,47.045,10
39676182,11:1:16:182,47.04,100
39676182,11:1:16:182,47.04,100
39676182,11:1:16:182,47.04,100
39676182,11:1:16:182,47.04,100
39678809,11:1:18:809,47.04,2
39684002,11:1:24:2,47.04,33
39689517,11:1:29:517,47.03,2
39689517,11:1:29:517,47.03,98
39689517,11:1:29:517,47.03,2
39690533,11:1:30:533,47.03,65
39692494,11:1:32:494,47.04,67
39692494,11:1:32:494,47.04,33
39698494,11:1:38:494,47.04,67
39698494,11:1:38:494,47.04,33
39700493,11:1:40:493,47.04,100
39700495,11:1:40:495,47.04,300
39700495,11:1:40:495,47.04,200
39700495,11:1:40:495,47.035,200
39700495,11:1:40:495,47.035,200
39700495,11:1:40:495,47.04,100
39700495,11:1:40:495,47.04,100
39700495,11:1:40:495,47.035,200
39700496,11:1:40:496,47.035,100
39700496,11:1:40:496,47.04,100
39700497,11:1:40:497,47.035,300
39700497,11:1:40:497,47.035,90
39711494,11:1:51:494,47.04,100
39717494,11:1:57:494,47.04,100
39724448,11:2:4:448,47.04,2
39727489,11:2:7:489,47.04,198
39727489,11:2:7:489,47.04,100
39727489,11:2:7:489,47.04,200
39727489,11:2:7:489,47.04,100
39727489,11:2:7:489,47.04,100
39727489,11:2:7:489,47.04,100
39728852,11:2:8:852,47.05,100
39728852,11:2:8:852,47.05,100
39728852,11:2:8:852,47.05,200
39732553,11:2:12:553,47.06,100
39732553,11:2:12:553,47.06,200
39732553,11:2:12:553,47.06,100
39732597,11:2:12:597,47.06,200
39732654,11:2:12:654,47.06,100
39732654,11:2:12:654,47.06,100
39738494,11:2:18:494,47.07,100
39738505,11:2:18:505,47.07,100
39755609,11:2:35:609,47.08,100
39762567,11:2:42:567,47.08,1
39780019,11:3:0:19,47.08,10
39784205,11:3:4:205,47.07,2
39785550,11:3:5:550,47.07,10
39811646,11:3:31:646,47.07,1
39818428,11:3:38:428,47.07,165
39818428,11:3:38:428,47.07,100
39818428,11:3:38:428,47.07,47
39818428,11:3:38:428,47.07,88
39818431,11:3:38:431,47.07,100
39818434,11:3:38:434,47.07,100
39818436,11:3:38:436,47.07,100
39818436,11:3:38:436,47.07,100
39818437,11:3:38:437,47.07,100
39830012,11:3:50:12,47.06,32
39830012,11:3:50:12,47.06,32
39830012,11:3:50:12,47.06,33
39830012,11:3:50:12,47.06,101
39830012,11:3:50:12,47.06,67
39830013,11:3:50:13,47.06,67
39830013,11:3:50:13,47.06,133
39830013,11:3:50:13,47.06,99
39830013,11:3:50:13,47.06,68
39830013,11:3:50:13,47.06,100
39830013,11:3:50:13,47.06,68
39830014,11:3:50:14,47.05,100
39830014,11:3:50:14,47.05,200
39841568,11:4:1:568,47.045,10
39853040,11:4:13:40,47.05,2
39853040,11:4:13:40,47.05,98
39853040,11:4:13:40,47.05,100
39853040,11:4:13:40,47.05,100
39853040,11:4:13:40,47.05,100
39853046,11:4:13:46,47.045,100
39853046,11:4:13:46,47.045,100
39853046,11:4:13:46,47.05,100
39853046,11:4:13:46,47.05,50
39853046,11:4:13:46,47.05,100
39853046,11:4:13:46,47.045,100
39853046,11:4:13:46,47.05,50
39853046,11:4:13:46,47.05,238
39853061,11:4:13:61,47.05,100
39853328,11:4:13:328,47.04,500
39853328,11:4:13:328,47.04,100
39853328,11:4:13:328,47.04,100
39853328,11:4:13:328,47.04,100
39853328,11:4:13:328,47.04,100
39869741,11:4:29:741,47.05,100
39873902,11:4:33:902,47.04,100
39873903,11:4:33:903,47.04,100
39873903,11:4:33:903,47.04,100
39893493,11:4:53:493,47.04,100
39895492,11:4:55:492,47.04,100
39897492,11:4:57:492,47.04,100
39899207,11:4:59:207,47.04,100
39899692,11:4:59:692,47.05,100
39904159,11:5:4:159,47.03,325
39904489,11:5:4:489,47.04,2
39923575,11:5:23:575,47.03,100
39923575,11:5:23:575,47.035,1
39923575,11:5:23:575,47.03,99
39923575,11:5:23:575,47.03,1
39923575,11:5:23:575,47.03,100
39923575,11:5:23:575,47.03,100
39923575,11:5:23:575,47.03,100
39923575,11:5:23:575,47.03,200
39924489,11:5:24:489,47.03,9
39940510,11:5:40:510,47.025,10
39948090,11:5:48:90,47.0299,3
39964241,11:6:4:241,47.03,2
39967848,11:6:7:848,47.025,100
39967848,11:6:7:848,47.025,100
39967848,11:6:7:848,47.025,1
39967848,11:6:7:848,47.025,4
39967848,11:6:7:848,47.025,11
39967862,11:6:7:862,47.025,200
39967867,11:6:7:867,47.025,400
39970332,11:6:10:332,47.02,100
39970333,11:6:10:333,47.02,100
39970520,11:6:10:520,47.02,100
39970863,11:6:10:863,47.02,100
39970863,11:6:10:863,47.02,100
39970863,11:6:10:863,47.02,244
39970863,11:6:10:863,47.02,100
39970863,11:6:10:863,47.02,100
39970874,11:6:10:874,47.02,100
39971466,11:6:11:466,47.01,300
39972967,11:6:12:967,47.02,200
39972972,11:6:12:972,47.02,400
39973332,11:6:13:332,47.01,300
39975363,11:6:15:363,47.01,100
39979489,11:6:19:489,47.01,1
39979492,11:6:19:492,47.015,100
39983003,11:6:23:3,47.015,100
39983003,11:6:23:3,47.02,100
39983003,11:6:23:3,47.02,100
39983003,11:6:23:3,47.02,100
39983003,11:6:23:3,47.02,100
39983003,11:6:23:3,47.02,200
39983003,11:6:23:3,47.02,100
39983003,11:6:23:3,47.02,100
39983003,11:6:23:3,47.02,300
39983003,11:6:23:3,47.02,200
39983003,11:6:23:3,47.02,100
39983003,11:6:23:3,47.02,100
39983004,11:6:23:4,47.03,100
39983004,11:6:23:4,47.03,100
39983004,11:6:23:4,47.03,100
39983004,11:6:23:4,47.03,100
39983004,11:6:23:4,47.03,500
39983004,11:6:23:4,47.03,100
39983004,11:6:23:4,47.03,100
39983004,11:6:23:4,47.03,200
39983004,11:6:23:4,47.03,100
39983005,11:6:23:5,47.03,89
39983005,11:6:23:5,47.03,100
39983005,11:6:23:5,47.03,100
39983005,11:6:23:5,47.03,100
39983005,11:6:23:5,47.03,100
39983008,11:6:23:8,47.03,100
39983008,11:6:23:8,47.015,100
39983011,11:6:23:11,47.03,100
39983012,11:6:23:12,47.03,100
39983018,11:6:23:18,47.03,100
39983019,11:6:23:19,47.03,100
39983020,11:6:23:20,47.03,100
39983021,11:6:23:21,47.03,100
39983027,11:6:23:27,47.04,100
39983028,11:6:23:28,47.04,100
39983029,11:6:23:29,47.04,100
39983031,11:6:23:31,47.04,100
39985332,11:6:25:332,47.03,100
39985707,11:6:25:707,47.03,100
39985707,11:6:25:707,47.03,100
39985721,11:6:25:721,47.03,100
39986544,11:6:26:544,47.02,100
40007275,11:6:47:275,47.02,100
40009787,11:6:49:787,47.02,100
40009787,11:6:49:787,47.02,100
40009788,11:6:49:788,47.025,14
40009788,11:6:49:788,47.02,100
40009788,11:6:49:788,47.02,86
40009788,11:6:49:788,47.02,14
40009789,11:6:49:789,47.02,100
40009789,11:6:49:789,47.02,500
40009789,11:6:49:789,47.02,100
40009790,11:6:49:790,47.02,10
40009790,11:6:49:790,47.02,10
40009791,11:6:49:791,47.02,100
40009792,11:6:49:792,47.025,100
40011307,11:6:51:307,47.02,100
40015288,11:6:55:288,47.03,200
40030057,11:7:10:57,47.03,2
40068835,11:7:48:835,47.025,200
40069155,11:7:49:155,47.02,100
40069155,11:7:49:155,47.02,100
40069155,11:7:49:155,47.02,1
40069928,11:7:49:928,47.01,100
40070841,11:7:50:841,47.015,200
40070845,11:7:50:845,47.01,100
40070846,11:7:50:846,47.01,1
40084259,11:8:4:259,47.02,1
40093495,11:8:13:495,47.02,97
40093495,11:8:13:495,47.02,100
40093495,11:8:13:495,47.02,3
40093495,11:8:13:495,47.02,97
40093497,11:8:13:497,47.03,300
40093497,11:8:13:497,47.03,200
40093497,11:8:13:497,47.03,100
40093499,11:8:13:499,47.03,100
40096494,11:8:16:494,47.04,200
40096494,11:8:16:494,47.04,100
40096494,11:8:16:494,47.04,7
40098494,11:8:18:494,47.05,100
40098494,11:8:18:494,47.05,100
40099260,11:8:19:260,47.05,100
40100493,11:8:20:493,47.06,100
40100494,11:8:20:494,47.06,10
40101173,11:8:21:173,47.0376,300
40101174,11:8:21:174,47.0376,100
40101199,11:8:21:199,47.06,100
40103017,11:8:23:17,47.05,100
40103019,11:8:23:19,47.05,200
40103020,11:8:23:20,47.05,100
40103494,11:8:23:494,47.05,100
40108657,11:8:28:657,47.07,100
40110008,11:8:30:8,47.07,100
40110014,11:8:30:14,47.07,100
40110021,11:8:30:21,47.07,100
40110022,11:8:30:22,47.07,200
40110022,11:8:30:22,47.07,100
40110022,11:8:30:22,47.07,100
40110022,11:8:30:22,47.07,100
40110022,11:8:30:22,47.07,100
40110024,11:8:30:24,47.08,100
40110024,11:8:30:24,47.08,100
40110024,11:8:30:24,47.08,300
40110024,11:8:30:24,47.08,100
40110025,11:8:30:25,47.08,10
40110025,11:8:30:25,47.08,10
40110025,11:8:30:25,47.08,10
40110026,11:8:30:26,47.08,200
40110664,11:8:30:664,47.07,100
40115494,11:8:35:494,47.08,100
40118722,11:8:38:722,47.08,100
40118841,11:8:38:841,47.08,100
40118850,11:8:38:850,47.08,200
40118852,11:8:38:852,47.08,100
40118852,11:8:38:852,47.08,200
40118852,11:8:38:852,47.08,100
40118854,11:8:38:854,47.08,100
40118854,11:8:38:854,47.08,100
40118854,11:8:38:854,47.08,100
40118854,11:8:38:854,47.08,100
40118854,11:8:38:854,47.08,200
40118953,11:8:38:953,47.075,100
40120494,11:8:40:494,47.09,100
40121342,11:8:41:342,47.08,300
40121395,11:8:41:395,47.08,100
40140599,11:9:0:599,47.08,100
40144574,11:9:4:574,47.08,1
40151941,11:9:11:941,47.07,100
40151941,11:9:11:941,47.07,100
40151941,11:9:11:941,47.07,200
40156658,11:9:16:658,47.07,100
40171919,11:9:31:919,47.06,100
40171920,11:9:31:920,47.06,100
40171920,11:9:31:920,47.06,100
40171920,11:9:31:920,47.06,101
40179743,11:9:39:743,47.06,100
40195363,11:9:55:363,47.06,53
40195363,11:9:55:363,47.06,47
40204812,11:10:4:812,47.06,1
40204813,11:10:4:813,47.06,1
40211852,11:10:11:852,47.06,99
40213425,11:10:13:425,47.06,100
40245261,11:10:45:261,47.0637,108
40267853,11:11:7:853,47.07,1
40294494,11:11:34:494,47.065,100
40296492,11:11:36:492,47.065,100
40300168,11:11:40:168,47.07,100
40300168,11:11:40:168,47.07,100
40300169,11:11:40:169,47.07,53
40300169,11:11:40:169,47.07,100
40300169,11:11:40:169,47.07,100
40300169,11:11:40:169,47.07,100
40300169,11:11:40:169,47.07,200
40300169,11:11:40:169,47.07,100
40300172,11:11:40:172,47.07,100
40300213,11:11:40:213,47.08,1
40300214,11:11:40:214,47.08,100
40300215,11:11:40:215,47.08,400
40300215,11:11:40:215,47.08,100
40300266,11:11:40:266,47.08,100
40300266,11:11:40:266,47.08,100
40300494,11:11:40:494,47.08,100
40308443,11:11:48:443,47.08,200
40308495,11:11:48:495,47.08,200
40308495,11:11:48:495,47.08,100
40308503,11:11:48:503,47.08,100
40308503,11:11:48:503,47.08,100
40308503,11:11:48:503,47.08,100
40308503,11:11:48:503,47.08,100
40308503,11:11:48:503,47.08,100
40308503,11:11:48:503,47.08,100
40308504,11:11:48:504,47.08,100
40308504,11:11:48:504,47.08,100
40309093,11:11:49:93,47.09,100
40309093,11:11:49:93,47.09,100
40309357,11:11:49:357,47.09,800
40310487,11:11:50:487,47.09,200
40314270,11:11:54:270,47.09,2384
40314270,11:11:54:270,47.09,3144
40314270,11:11:54:270,47.09,4172
40314271,11:11:54:271,47.09,32
40314271,11:11:54:271,47.09,68
40314271,11:11:54:271,47.09,100
40314271,11:11:54:271,47.09,29
40314271,11:11:54:271,47.09,71
40314271,11:11:54:271,47.09,100
40314271,11:11:54:271,47.09,100
40314272,11:11:54:272,47.1,100
40314272,11:11:54:272,47.1,6
40314280,11:11:54:280,47.1,300
40314321,11:11:54:321,47.1,100
40314322,11:11:54:322,47.1,100
40314322,11:11:54:322,47.1,40
40314322,11:11:54:322,47.1,100
40314323,11:11:54:323,47.1,100
40314374,11:11:54:374,47.09,100
40314567,11:11:54:567,47.0999,150
40314992,11:11:54:992,47.09,400
40314992,11:11:54:992,47.09,22
40314992,11:11:54:992,47.09,100
40314992,11:11:54:992,47.09,100
40314993,11:11:54:993,47.09,100
40314993,11:11:54:993,47.09,78
40314993,11:11:54:993,47.09,100
40314996,11:11:54:996,47.09,100
40314996,11:11:54:996,47.09,100
40314996,11:11:54:996,47.09,40
40314997,11:11:54:997,47.09,40
40315066,11:11:55:66,47.09,10
40315066,11:11:55:66,47.09,10
40315575,11:11:55:575,47.1,20
40315953,11:11:55:953,47.1,100
40316250,11:11:56:250,47.09,100
40316250,11:11:56:250,47.09,100
40316250,11:11:56:250,47.09,100
40316250,11:11:56:250,47.09,100
40316250,11:11:56:250,47.09,200
40316253,11:11:56:253,47.1,100
40316254,11:11:56:254,47.1,100
40317943,11:11:57:943,47.11,200
40318840,11:11:58:840,47.11,100
40318840,11:11:58:840,47.11,10
40319601,11:11:59:601,47.11,100
40319603,11:11:59:603,47.11,100
40319603,11:11:59:603,47.11,100
40319628,11:11:59:628,47.11,50
40321139,11:12:1:139,47.12,100
40321139,11:12:1:139,47.12,193
40321139,11:12:1:139,47.12,100
40323039,11:12:3:39,47.13,100
40323058,11:12:3:58,47.13,100
40323535,11:12:3:535,47.13,100
40325201,11:12:5:201,47.13,100
40328614,11:12:8:614,47.1299,150
40329494,11:12:9:494,47.13,280
40329494,11:12:9:494,47.13,20
40329792,11:12:9:792,47.13,100
40332116,11:12:12:116,47.13,100
40339201,11:12:19:201,47.14,100
40354157,11:12:34:157,47.0871,100
40354158,11:12:34:158,47.0871,100
40357221,11:12:37:221,47.14,100
40357228,11:12:37:228,47.14,100
40357329,11:12:37:329,47.14,100
40357331,11:12:37:331,47.13,100
40357331,11:12:37:331,47.13,100
40357331,11:12:37:331,47.13,100
40357331,11:12:37:331,47.13,100
40357331,11:12:37:331,47.13,100
40358632,11:12:38:632,47.13,200
40360285,11:12:40:285,47.14,300
40360285,11:12:40:285,47.14,100
40360285,11:12:40:285,47.13,200
40360285,11:12:40:285,47.14,100
40360285,11:12:40:285,47.14,100
40364515,11:12:44:515,47.14,100
40364515,11:12:44:515,47.14,100
40368435,11:12:48:435,47.15,100
40368435,11:12:48:435,47.14,100
40368435,11:12:48:435,47.15,100
40368435,11:12:48:435,47.15,100
40368435,11:12:48:435,47.15,1
40368435,11:12:48:435,47.15,100
40368435,11:12:48:435,47.15,100
40368435,11:12:48:435,47.15,99
40368436,11:12:48:436,47.15,100
40368496,11:12:48:496,47.16,300
40370547,11:12:50:547,47.17,200
40370548,11:12:50:548,47.17,100
40370559,11:12:50:559,47.16,200
40370560,11:12:50:560,47.16,3
40372667,11:12:52:667,47.158,51
40373493,11:12:53:493,47.17,100
40390826,11:13:10:826,47.16,2
40390827,11:13:10:827,47.16,43
40390827,11:13:10:827,47.16,100
40390830,11:13:10:830,47.15,100
40390830,11:13:10:830,47.15,100
40390830,11:13:10:830,47.15,100
40390830,11:13:10:830,47.15,100
40390830,11:13:10:830,47.15,200
40390830,11:13:10:830,47.15,100
40408948,11:13:28:948,47.1447,6
40409679,11:13:29:679,47.15,100
40409679,11:13:29:679,47.15,90
40409679,11:13:29:679,47.15,10
40409679,11:13:29:679,47.15,100
40420420,11:13:40:420,47.1469,100
40431011,11:13:51:11,47.15,100
40431011,11:13:51:11,47.15,100
40431012,11:13:51:12,47.15,9
40444074,11:14:4:74,47.16,1
40459227,11:14:19:227,47.16,24
40465077,11:14:25:77,47.17,100
40465077,11:14:25:77,47.17,100
40465077,11:14:25:77,47.17,100
40465077,11:14:25:77,47.17,42
40465226,11:14:25:226,47.17,100
40465228,11:14:25:228,47.17,100
40476497,11:14:36:497,47.18,100
40476499,11:14:36:499,47.18,200
40476499,11:14:36:499,47.18,200
40476499,11:14:36:499,47.18,29
40476499,11:14:36:499,47.18,10
40476499,11:14:36:499,47.17,100
40476499,11:14:36:499,47.17,200
40476499,11:14:36:499,47.17,100
40477494,11:14:37:494,47.18,100
40487857,11:14:47:857,47.18,100
40489034,11:14:49:34,47.19,200
40497109,11:14:57:109,47.2,7
40497109,11:14:57:109,47.2,98
40497109,11:14:57:109,47.2,72
40497109,11:14:57:109,47.2,49
40497109,11:14:57:109,47.2,51
40510176,11:15:10:176,47.21,100
40510975,11:15:10:975,47.21,100
40520904,11:15:20:904,47.22,1
40547660,11:15:47:660,47.2,100
40547660,11:15:47:660,47.2,100
40551035,11:15:51:35,47.21,100
40551082,11:15:51:82,47.2,100
40569075,11:16:9:75,47.21,58
40569075,11:16:9:75,47.21,42
40584860,11:16:24:860,47.21,2
40599775,11:16:39:775,47.2,100
40601670,11:16:41:670,47.21,98
40635176,11:17:15:176,47.2,97
40635176,11:17:15:176,47.2,3
40635176,11:17:15:176,47.2,1
40635176,11:17:15:176,47.2,197
40635176,11:17:15:176,47.2,3
40635176,11:17:15:176,47.2,235
40635176,11:17:15:176,47.2,100
40635176,11:17:15:176,47.2,100
40635176,11:17:15:176,47.2,100
40635176,11:17:15:176,47.2,3
40635176,11:17:15:176,47.2,100
40651245,11:17:31:245,47.19,100
40652360,11:17:32:360,47.19,100
40652361,11:17:32:361,47.19,10
40652361,11:17:32:361,47.19,200
40652361,11:17:32:361,47.19,100
40652361,11:17:32:361,47.19,1
40652361,11:17:32:361,47.19,290
40652361,11:17:32:361,47.19,100
40652361,11:17:32:361,47.195,100
40652361,11:17:32:361,47.19,100
40652361,11:17:32:361,47.19,100
40652393,11:17:32:393,47.19,100
40658066,11:17:38:66,47.18,102
40660617,11:17:40:617,47.18,100
40662787,11:17:42:787,47.17,100
40662788,11:17:42:788,47.17,10
40666514,11:17:46:514,47.17,100
40666515,11:17:46:515,47.175,100
40666691,11:17:46:691,47.17,100
40666856,11:17:46:856,47.17,100
40666856,11:17:46:856,47.17,100
40666856,11:17:46:856,47.17,100
40668098,11:17:48:98,47.1601,150
40674406,11:17:54:406,47.17,1
40689602,11:18:9:602,47.1501,3
40704318,11:18:24:318,47.16,1
40704318,11:18:24:318,47.16,99
40704318,11:18:24:318,47.16,100
40704318,11:18:24:318,47.16,100
40704318,11:18:24:318,47.16,100
40704319,11:18:24:319,47.17,99
40704319,11:18:24:319,47.17,200
40704319,11:18:24:319,47.17,100
40704319,11:18:24:319,47.17,253
40704320,11:18:24:320,47.17,52
40704320,11:18:24:320,47.17,37
40704320,11:18:24:320,47.17,60
40704320,11:18:24:320,47.17,40
40704320,11:18:24:320,47.17,60
40726918,11:18:46:918,47.1699,4
40726948,11:18:46:948,47.1405,20
40774619,11:19:34:619,47.15,1
40774619,11:19:34:619,47.14,100
40774620,11:19:34:620,47.14,100
40774620,11:19:34:620,47.14,200
40774624,11:19:34:624,47.13,100
40774625,11:19:34:625,47.13,100
40774630,11:19:34:630,47.13,100
40774632,11:19:34:632,47.14,1
40774634,11:19:34:634,47.14,100
40774665,11:19:34:665,47.14,100
40775427,11:19:35:427,47.14,100
40775427,11:19:35:427,47.135,51
40775427,11:19:35:427,47.14,49
40775427,11:19:35:427,47.14,51
40781551,11:19:41:551,47.14,100
40781552,11:19:41:552,47.14,1
40808908,11:20:8:908,47.14,1
40814047,11:20:14:47,47.13,100
40819996,11:20:19:996,47.13,100
40850357,11:20:50:357,47.13,100
40850853,11:20:50:853,47.14,20
40851501,11:20:51:501,47.12,100
40851501,11:20:51:501,47.12,3
40851501,11:20:51:501,47.12,100
40851501,11:20:51:501,47.12,645
40851501,11:20:51:501,47.12,100
40852728,11:20:52:728,47.11,300
40856004,11:20:56:4,47.11,200
40856004,11:20:56:4,47.11,100
40856004,11:20:56:4,47.11,100
40856281,11:20:56:281,47.11,100
40856285,11:20:56:285,47.11,10
40856285,11:20:56:285,47.11,100
40864196,11:21:4:196,47.12,1
40865749,11:21:5:749,47.11,200
40868165,11:21:8:165,47.12,126
40868167,11:21:8:167,47.12,111
40868167,11:21:8:167,47.12,100
40868167,11:21:8:167,47.12,90
40868167,11:21:8:167,47.12,100
40868167,11:21:8:167,47.12,10
40868167,11:21:8:167,47.12,10
40868167,11:21:8:167,47.12,100
40868167,11:21:8:167,47.12,99
40868167,11:21:8:167,47.12,200
40868167,11:21:8:167,47.12,400
40868167,11:21:8:167,47.12,100
40868167,11:21:8:167,47.12,400
40868168,11:21:8:168,47.12,200
40868168,11:21:8:168,47.12,200
40868168,11:21:8:168,47.12,200
40868168,11:21:8:168,47.12,100
40868168,11:21:8:168,47.12,5
40868168,11:21:8:168,47.12,100
40868168,11:21:8:168,47.12,1
40868169,11:21:8:169,47.12,94
40868169,11:21:8:169,47.115,200
40868172,11:21:8:172,47.12,400
40868173,11:21:8:173,47.11,100
40868173,11:21:8:173,47.115,100
40868917,11:21:8:917,47.11,100
40870065,11:21:10:65,47.13,100
40871868,11:21:11:868,47.13,100
40871868,11:21:11:868,47.13,100
40871868,11:21:11:868,47.13,200
40907362,11:21:47:362,47.13,100
40916325,11:21:56:325,47.129,239
40922202,11:22:2:202,47.125,100
40924009,11:22:4:9,47.13,1
40978549,11:22:58:549,47.12,100
40978549,11:22:58:549,47.12,100
40978549,11:22:58:549,47.12,100
40978549,11:22:58:549,47.12,100
40978549,11:22:58:549,47.12,200
40978549,11:22:58:549,47.12,100
40978549,11:22:58:549,47.12,100
40978549,11:22:58:549,47.12,97
40978549,11:22:58:549,47.12,3
40980281,11:23:0:281,47.12,100
41013964,11:23:33:964,47.15,200
41033342,11:23:53:342,47.12,1
41033343,11:23:53:343,47.12,2
41042194,11:24:2:194,47.11,100
41042197,11:24:2:197,47.11,100
41044826,11:24:4:826,47.11,125
41044826,11:24:4:826,47.11,100
41044826,11:24:4:826,47.11,176
41044826,11:24:4:826,47.11,100
41044826,11:24:4:826,47.11,100
41044826,11:24:4:826,47.11,100
41044826,11:24:4:826,47.11,100
41044826,11:24:4:826,47.11,100
41044828,11:24:4:828,47.1,1
41044831,11:24:4:831,47.115,100
41054270,11:24:14:270,47.1,100
41054276,11:24:14:276,47.1,100
41055477,11:24:15:477,47.1,100
41055477,11:24:15:477,47.09,100
41055477,11:24:15:477,47.09,100
41055477,11:24:15:477,47.1,1
41055478,11:24:15:478,47.1,99
41055485,11:24:15:485,47.09,100
41055951,11:24:15:951,47.1,100
41055951,11:24:15:951,47.1,100
41057623,11:24:17:623,47.1,100
41057623,11:24:17:623,47.1,93
41057623,11:24:17:623,47.11,100
41057623,11:24:17:623,47.11,7
41057623,11:24:17:623,47.1,7
41057624,11:24:17:624,47.11,50
41057624,11:24:17:624,47.1,100
41057624,11:24:17:624,47.1,100
41057624,11:24:17:624,47.1,100
41057624,11:24:17:624,47.1,96
41057624,11:24:17:624,47.1,4
41057625,11:24:17:625,47.11,112
41057626,11:24:17:626,47.11,31
41057626,11:24:17:626,47.11,19
41057627,11:24:17:627,47.11,81
41057627,11:24:17:627,47.11,100
41057627,11:24:17:627,47.11,630
41057629,11:24:17:629,47.11,100
41057631,11:24:17:631,47.12,200
41057639,11:24:17:639,47.12,100
41057650,11:24:17:650,47.12,100
41057650,11:24:17:650,47.12,100
41057650,11:24:17:650,47.115,100
41057650,11:24:17:650,47.12,100
41057655,11:24:17:655,47.13,100
41057656,11:24:17:656,47.13,100
41057657,11:24:17:657,47.13,100
41057661,11:24:17:661,47.13,100
41057661,11:24:17:661,47.13,100
41057685,11:24:17:685,47.13,130
41057735,11:24:17:735,47.14,100
41057776,11:24:17:776,47.13,93
41057891,11:24:17:891,47.14,100
41057903,11:24:17:903,47.13,100
41057964,11:24:17:964,47.12,100
41061483,11:24:21:483,47.14,100
41064585,11:24:24:585,47.14,100
41073361,11:24:33:361,47.14,1
41076004,11:24:36:4,47.14,199
41076006,11:24:36:6,47.14,100
41076011,11:24:36:11,47.14,100
41104057,11:25:4:57,47.15,1
41128273,11:25:28:273,47.16,100
41128273,11:25:28:273,47.15,99
41128273,11:25:28:273,47.15,300
41128273,11:25:28:273,47.16,300
41128273,11:25:28:273,47.15,5
41130163,11:25:30:163,47.17,442
41130164,11:25:30:164,47.17,100
41130164,11:25:30:164,47.17,58
41130164,11:25:30:164,47.17,10
41130776,11:25:30:776,47.18,100
41130776,11:25:30:776,47.18,100
41130776,11:25:30:776,47.18,100
41130776,11:25:30:776,47.18,100
41130826,11:25:30:826,47.18,100
41137846,11:25:37:846,47.18,1
41138272,11:25:38:272,47.2,100
41138272,11:25:38:272,47.2,400
41138272,11:25:38:272,47.2,100
41138272,11:25:38:272,47.2,100
41138272,11:25:38:272,47.19,100
41138272,11:25:38:272,47.2,100
41138272,11:25:38:272,47.2,100
41139765,11:25:39:765,47.21,24
41141531,11:25:41:531,47.21,300
41141538,11:25:41:538,47.22,200
41141539,11:25:41:539,47.22,100
41141539,11:25:41:539,47.23,600
41141539,11:25:41:539,47.22,300
41141539,11:25:41:539,47.22,100
41141539,11:25:41:539,47.23,100
41141539,11:25:41:539,47.22,300
41141539,11:25:41:539,47.22,10
41141539,11:25:41:539,47.22,100
41141540,11:25:41:540,47.22,100
41141540,11:25:41:540,47.23,100
41141540,11:25:41:540,47.23,64
41141541,11:25:41:541,47.22,100
41141546,11:25:41:546,47.22,100
41142122,11:25:42:122,47.23,3
41142122,11:25:42:122,47.22,100
41142122,11:25:42:122,47.22,76
41142123,11:25:42:123,47.22,100
41142123,11:25:42:123,47.22,76
41142123,11:25:42:123,47.22,24
41142123,11:25:42:123,47.22,24
41142123,11:25:42:123,47.22,100
41142123,11:25:42:123,47.21,10
41143564,11:25:43:564,47.23,100
41145960,11:25:45:960,47.23,300
41145960,11:25:45:960,47.23,100
41145960,11:25:45:960,47.23,100
41145961,11:25:45:961,47.23,100
41145961,11:25:45:961,47.23,100
41145961,11:25:45:961,47.23,10
41145961,11:25:45:961,47.23,10
41145961,11:25:45:961,47.23,100
41145961,11:25:45:961,47.23,100
41146011,11:25:46:11,47.23,100
41146012,11:25:46:12,47.23,100
41146013,11:25:46:13,47.22,100
41146037,11:25:46:37,47.22,100
41146037,11:25:46:37,47.22,100
41146042,11:25:46:42,47.23,21
41148191,11:25:48:191,47.23,100
41150894,11:25:50:894,47.23,500
41150930,11:25:50:930,47.23,100
41151165,11:25:51:165,47.23,100
41151166,11:25:51:166,47.23,100
41161427,11:26:1:427,47.22,29
41161427,11:26:1:427,47.22,71
41161427,11:26:1:427,47.22,59
41161427,11:26:1:427,47.22,41
41161427,11:26:1:427,47.22,442
41161427,11:26:1:427,47.22,100
41161427,11:26:1:427,47.22,29
41161427,11:26:1:427,47.22,71
