MsOfDay, Time,Price,Size
31649246,8:47:29:246,47.35,45
34193625,9:29:53:625,47.35,4
34200027,9:30:0:27,47.88,1
34200027,9:30:0:27,47.88,1
34201006,9:30:1:6,47.6,20756
34201010,9:30:1:10,47.6,596
34201047,9:30:1:47,47.7999,4
34201068,9:30:1:68,47.817,100
34205446,9:30:5:446,47.8192,100
34209998,9:30:9:998,47.82,100
34210002,9:30:10:2,47.6,2
34210002,9:30:10:2,47.6,28
34212434,9:30:12:434,47.8,100
34212632,9:30:12:632,47.7899,17
34212634,9:30:12:634,47.8,17
34212635,9:30:12:635,47.8095,17
34214243,9:30:14:243,47.81,1
34216238,9:30:16:238,47.77,5
34221619,9:30:21:619,47.8099,1
34237911,9:30:37:911,47.8099,75
34248524,9:30:48:524,47.66,100
34251170,9:30:51:170,47.66,100
34251170,9:30:51:170,47.66,100
34272097,9:31:12:97,47.665,140
34275210,9:31:15:210,47.7599,71
34281376,9:31:21:376,47.749,22
34281570,9:31:21:570,47.66,100
34281616,9:31:21:616,47.66,100
34282596,9:31:22:596,47.66,100
34288256,9:31:28:256,47.6,1
34303971,9:31:43:971,47.6038,84
34322764,9:32:2:764,47.72,100
34322764,9:32:2:764,47.73,500
34322764,9:32:2:764,47.72,100
34322787,9:32:2:787,47.73,200
34325486,9:32:5:486,47.8199,1
34334993,9:32:14:993,47.8099,6
34338965,9:32:18:965,47.8099,5
34348830,9:32:28:830,47.7,300
34348830,9:32:28:830,47.7,100
34348830,9:32:28:830,47.7,100
34348830,9:32:28:830,47.7,320
34348830,9:32:28:830,47.7,100
34348831,9:32:28:831,47.7,100
34350729,9:32:30:729,47.69,100
34350729,9:32:30:729,47.69,100
34350729,9:32:30:729,47.69,100
34350729,9:32:30:729,47.69,200
34350729,9:32:30:729,47.69,200
34350729,9:32:30:729,47.69,100
34351481,9:32:31:481,47.69,100
34351484,9:32:31:484,47.71,200
34351486,9:32:31:486,47.705,100
34352373,9:32:32:373,47.69,100
34352431,9:32:32:431,47.7092,85
34359616,9:32:39:616,47.705,300
34360352,9:32:40:352,47.69,100
34360356,9:32:40:356,47.7,100
34360358,9:32:40:358,47.7,200
34385238,9:33:5:238,47.69,100
34385238,9:33:5:238,47.69,50
34385238,9:33:5:238,47.7,100
34385238,9:33:5:238,47.7,50
34385238,9:33:5:238,47.69,50
34385238,9:33:5:238,47.7,50
34385238,9:33:5:238,47.69,50
34385238,9:33:5:238,47.69,112
34385238,9:33:5:238,47.69,48
34385239,9:33:5:239,47.69,38
34385239,9:33:5:239,47.69,62
34385239,9:33:5:239,47.69,62
34385244,9:33:5:244,47.71,160
34385248,9:33:5:248,47.69,188
34385982,9:33:5:982,47.69,100
34385984,9:33:5:984,47.69,33
34386369,9:33:6:369,47.67,100
34408732,9:33:28:732,47.64,100
34408733,9:33:28:733,47.64,100
34408733,9:33:28:733,47.65,100
34408739,9:33:28:739,47.59,100
34408739,9:33:28:739,47.59,100
34408745,9:33:28:745,47.64,200
34408749,9:33:28:749,47.6275,600
34408754,9:33:28:754,47.64,600
34408826,9:33:28:826,47.6225,700
34408830,9:33:28:830,47.64,700
34410062,9:33:30:62,47.65,100
34410523,9:33:30:523,47.59,100
34411371,9:33:31:371,47.66,100
34411371,9:33:31:371,47.66,300
34411371,9:33:31:371,47.66,145
34411371,9:33:31:371,47.68,11
34412651,9:33:32:651,47.68,200
34412652,9:33:32:652,47.69,100
34412652,9:33:32:652,47.69,100
34412653,9:33:32:653,47.69,100
34412653,9:33:32:653,47.69,100
34412657,9:33:32:657,47.68,200
34412818,9:33:32:818,47.665,100
34413914,9:33:33:914,47.65,100
34413915,9:33:33:915,47.7,100
34413915,9:33:33:915,47.65,100
34413922,9:33:33:922,47.65,100
34414816,9:33:34:816,47.65,100
34414816,9:33:34:816,47.72,100
34414816,9:33:34:816,47.72,100
34414816,9:33:34:816,47.73,185
34414816,9:33:34:816,47.72,100
34414816,9:33:34:816,47.72,100
34414816,9:33:34:816,47.72,100
34414816,9:33:34:816,47.73,200
34414816,9:33:34:816,47.73,500
34414819,9:33:34:819,47.7,200
34414824,9:33:34:824,47.73,100
34414833,9:33:34:833,47.73,100
34414837,9:33:34:837,47.715,300
34414838,9:33:34:838,47.7,300
34414838,9:33:34:838,47.715,200
34414839,9:33:34:839,47.7,200
34414847,9:33:34:847,47.72,300
34414847,9:33:34:847,47.7,200
34414899,9:33:34:899,47.73,100
34414899,9:33:34:899,47.73,100
34414901,9:33:34:901,47.73,100
34415629,9:33:35:629,47.7,100
34415898,9:33:35:898,47.74,100
34415900,9:33:35:900,47.7,200
34416851,9:33:36:851,47.75,100
34416854,9:33:36:854,47.75,100
34425114,9:33:45:114,47.76,100
34425114,9:33:45:114,47.76,100
34465842,9:34:25:842,47.67,200
34465842,9:34:25:842,47.66,100
34465842,9:34:25:842,47.64,100
34465842,9:34:25:842,47.63,26
34513284,9:35:13:284,47.67,100
34513284,9:35:13:284,47.65,100
34513284,9:35:13:284,47.65,100
34513295,9:35:13:295,47.65,100
34520644,9:35:20:644,47.71,1
34523796,9:35:23:796,47.7,1
34523796,9:35:23:796,47.71,100
34523797,9:35:23:797,47.71,100
34523797,9:35:23:797,47.71,200
34543658,9:35:43:658,47.67,100
34545602,9:35:45:602,47.67,100
34545602,9:35:45:602,47.67,1
34547747,9:35:47:747,47.68,100
34547747,9:35:47:747,47.68,100
34547747,9:35:47:747,47.68,100
34547747,9:35:47:747,47.68,1
34547747,9:35:47:747,47.68,100
34547747,9:35:47:747,47.68,6
34547747,9:35:47:747,47.68,100
34547747,9:35:47:747,47.68,1
34547747,9:35:47:747,47.68,100
34547747,9:35:47:747,47.68,7
34547747,9:35:47:747,47.68,86
34547748,9:35:47:748,47.68,29
34547749,9:35:47:749,47.68,100
34547749,9:35:47:749,47.68,100
34547750,9:35:47:750,47.67,100
34547750,9:35:47:750,47.67,100
34547762,9:35:47:762,47.66,100
34547769,9:35:47:769,47.66,100
34547771,9:35:47:771,47.66,100
34574873,9:36:14:873,47.7,100
34574873,9:36:14:873,47.7,115
34574873,9:36:14:873,47.7,99
34574873,9:36:14:873,47.7,101
34574873,9:36:14:873,47.7,100
34574875,9:36:14:875,47.7,100
34575171,9:36:15:171,47.7,100
34575171,9:36:15:171,47.7,100
34575172,9:36:15:172,47.7,200
34575211,9:36:15:211,47.68,100
34575211,9:36:15:211,47.68,100
34590402,9:36:30:402,47.71,100
34606510,9:36:46:510,47.71,100
34609011,9:36:49:11,47.71,1
34609011,9:36:49:11,47.7,200
34609012,9:36:49:12,47.7,200
34609014,9:36:49:14,47.695,100
34609016,9:36:49:16,47.695,100
34619505,9:36:59:505,47.72,154
34619506,9:36:59:506,47.72,46
34619506,9:36:59:506,47.72,100
34619506,9:36:59:506,47.72,100
34619526,9:36:59:526,47.7,200
34619539,9:36:59:539,47.7,100
34629194,9:37:9:194,47.7,200
34629195,9:37:9:195,47.7,389
34629195,9:37:9:195,47.74,100
34629195,9:37:9:195,47.7,100
34629195,9:37:9:195,47.7,11
34629195,9:37:9:195,47.7,89
34629198,9:37:9:198,47.715,100
34629253,9:37:9:253,47.7299,500
34629266,9:37:9:266,47.7,100
34629760,9:37:9:760,47.7,200
34629804,9:37:9:804,47.7,100
34629804,9:37:9:804,47.7,100
34629804,9:37:9:804,47.7,100
34629804,9:37:9:804,47.7,100
34629805,9:37:9:805,47.69,100
34630204,9:37:10:204,47.67,100
34639812,9:37:19:812,47.66,100
34639813,9:37:19:813,47.66,337
34639813,9:37:19:813,47.66,100
34639814,9:37:19:814,47.66,100
34639814,9:37:19:814,47.66,100
34652524,9:37:32:524,47.67,100
34652524,9:37:32:524,47.67,9
34652524,9:37:32:524,47.67,91
34653121,9:37:33:121,47.66,1
34658603,9:37:38:603,47.648,50
34680031,9:38:0:31,47.7,1
34680031,9:38:0:31,47.71,100
34680031,9:38:0:31,47.7,100
34680033,9:38:0:33,47.7,1
34680033,9:38:0:33,47.7,98
34680033,9:38:0:33,47.7,100
34734040,9:38:54:40,47.64,100
34734056,9:38:54:56,47.64,100
34734056,9:38:54:56,47.64,92
34734061,9:38:54:61,47.66,7
34734061,9:38:54:61,47.64,8
34734061,9:38:54:61,47.655,93
34734069,9:38:54:69,47.63,7
34745469,9:39:5:469,47.647,3000
34745471,9:39:5:471,47.64,76
34745471,9:39:5:471,47.62,100
34745473,9:39:5:473,47.62,99
34745918,9:39:5:918,47.64,26
34745918,9:39:5:918,47.62,74
34745918,9:39:5:918,47.62,100
34745918,9:39:5:918,47.62,100
34745923,9:39:5:923,47.62,1
34750603,9:39:10:603,47.62,27
34750603,9:39:10:603,47.62,85
34750604,9:39:10:604,47.62,51
34750605,9:39:10:605,47.61,100
34750605,9:39:10:605,47.61,283
34750606,9:39:10:606,47.61,100
34750606,9:39:10:606,47.61,100
34750607,9:39:10:607,47.61,2
34750607,9:39:10:607,47.61,100
34750613,9:39:10:613,47.6,200
34750614,9:39:10:614,47.6,100
34750705,9:39:10:705,47.6,100
34762008,9:39:22:8,47.61,100
34762010,9:39:22:10,47.62,100
34762010,9:39:22:10,47.62,200
34762010,9:39:22:10,47.62,100
34762011,9:39:22:11,47.63,300
34762011,9:39:22:11,47.63,100
34762012,9:39:22:12,47.63,200
34762012,9:39:22:12,47.63,100
34762012,9:39:22:12,47.63,200
34762012,9:39:22:12,47.62,100
34778189,9:39:38:189,47.65,100
34778189,9:39:38:189,47.65,100
34778195,9:39:38:195,47.65,200
34778651,9:39:38:651,47.65,100
34779148,9:39:39:148,47.64,100
34779148,9:39:39:148,47.64,300
34779148,9:39:39:148,47.64,100
34809136,9:40:9:136,47.65,5
34816851,9:40:16:851,47.65,77
34816851,9:40:16:851,47.65,100
34817555,9:40:17:555,47.64,100
34817555,9:40:17:555,47.64,200
34817555,9:40:17:555,47.64,100
34846732,9:40:46:732,47.64,100
34846732,9:40:46:732,47.63,100
34846732,9:40:46:732,47.63,100
34846732,9:40:46:732,47.63,100
34846732,9:40:46:732,47.63,40
34846738,9:40:46:738,47.63,100
34846996,9:40:46:996,47.63,100
34862687,9:41:2:687,47.63,100
34862688,9:41:2:688,47.625,100
34862690,9:41:2:690,47.63,100
34863643,9:41:3:643,47.625,100
34866325,9:41:6:325,47.63,100
34870898,9:41:10:898,47.63,100
34870898,9:41:10:898,47.63,100
34870898,9:41:10:898,47.63,400
34870898,9:41:10:898,47.63,100
34870898,9:41:10:898,47.63,63
34870899,9:41:10:899,47.63,37
34870899,9:41:10:899,47.63,12
34870899,9:41:10:899,47.625,150
34870899,9:41:10:899,47.63,100
34870899,9:41:10:899,47.63,1
34870899,9:41:10:899,47.63,87
34870899,9:41:10:899,47.63,100
34870899,9:41:10:899,47.625,200
34870899,9:41:10:899,47.625,100
34870900,9:41:10:900,47.64,3
34870900,9:41:10:900,47.64,97
34870900,9:41:10:900,47.64,100
34870900,9:41:10:900,47.63,100
34870900,9:41:10:900,47.64,100
34870901,9:41:10:901,47.635,100
34870906,9:41:10:906,47.625,100
34870907,9:41:10:907,47.63,100
34870908,9:41:10:908,47.64,100
34870908,9:41:10:908,47.63,100
34870972,9:41:10:972,47.6275,100
34871870,9:41:11:870,47.62,100
34871871,9:41:11:871,47.62,100
34871871,9:41:11:871,47.62,100
34871871,9:41:11:871,47.62,132
34871871,9:41:11:871,47.62,92
34871871,9:41:11:871,47.62,92
34872234,9:41:12:234,47.62,100
34881075,9:41:21:75,47.61,92
34881075,9:41:21:75,47.61,200
34881759,9:41:21:759,47.6,10
34881815,9:41:21:815,47.6,100
34892009,9:41:32:9,47.59,100
34892009,9:41:32:9,47.59,100
34892010,9:41:32:10,47.6,100
34892010,9:41:32:10,47.6,100
34892010,9:41:32:10,47.6,100
34892011,9:41:32:11,47.61,100
34892199,9:41:32:199,47.6,300
34892199,9:41:32:199,47.6,100
34921712,9:42:1:712,47.6,100
34921712,9:42:1:712,47.6,100
34921712,9:42:1:712,47.6,204
34921713,9:42:1:713,47.6,100
34921713,9:42:1:713,47.6,100
34921713,9:42:1:713,47.6,100
34939831,9:42:19:831,47.6,100
34949557,9:42:29:557,47.6,100
34961600,9:42:41:600,47.6,100
34961602,9:42:41:602,47.6,100
34961602,9:42:41:602,47.6,100
34961604,9:42:41:604,47.6,190
34962024,9:42:42:24,47.6,100
34962024,9:42:42:24,47.61,26
34962025,9:42:42:25,47.61,74
34962025,9:42:42:25,47.61,200
34962025,9:42:42:25,47.61,100
34962025,9:42:42:25,47.61,100
34962025,9:42:42:25,47.6,100
34962026,9:42:42:26,47.61,100
34962028,9:42:42:28,47.6,100
34962028,9:42:42:28,47.61,100
34962041,9:42:42:41,47.6,100
34979514,9:42:59:514,47.6,50
34979514,9:42:59:514,47.6,450
34979514,9:42:59:514,47.6,100
34979514,9:42:59:514,47.6,500
34979514,9:42:59:514,47.6,100
34979514,9:42:59:514,47.6,200
34979514,9:42:59:514,47.6,100
34979540,9:42:59:540,47.61,100
34979558,9:42:59:558,47.61,200
34979559,9:42:59:559,47.61,100
34979860,9:42:59:860,47.61,200
35014370,9:43:34:370,47.62,100
35014371,9:43:34:371,47.62,200
35014371,9:43:34:371,47.62,100
35014371,9:43:34:371,47.62,101
35014371,9:43:34:371,47.62,100
35014371,9:43:34:371,47.62,100
35014375,9:43:34:375,47.62,100
35014375,9:43:34:375,47.62,100
35014378,9:43:34:378,47.62,100
35014396,9:43:34:396,47.62,200
35014398,9:43:34:398,47.62,100
35014398,9:43:34:398,47.62,100
35014532,9:43:34:532,47.62,100
35014537,9:43:34:537,47.62,100
35014590,9:43:34:590,47.615,100
35014601,9:43:34:601,47.61,200
35014634,9:43:34:634,47.62,100
35014676,9:43:34:676,47.61,100
35014713,9:43:34:713,47.61,100
35014763,9:43:34:763,47.63,92
35014763,9:43:34:763,47.62,100
35014763,9:43:34:763,47.63,1
35014763,9:43:34:763,47.63,8
35014764,9:43:34:764,47.62,100
35014764,9:43:34:764,47.62,100
35014764,9:43:34:764,47.62,100
35014764,9:43:34:764,47.62,100
35014764,9:43:34:764,47.62,100
35014764,9:43:34:764,47.62,300
35014814,9:43:34:814,47.62,100
35014860,9:43:34:860,47.62,100
35015997,9:43:35:997,47.62,100
35015997,9:43:35:997,47.62,87
35015997,9:43:35:997,47.62,200
35015998,9:43:35:998,47.62,100
35016305,9:43:36:305,47.62,100
35016509,9:43:36:509,47.61,100
35016510,9:43:36:510,47.61,200
35016895,9:43:36:895,47.6,100
35016895,9:43:36:895,47.6,300
35016895,9:43:36:895,47.605,1
35016895,9:43:36:895,47.6,10
35016895,9:43:36:895,47.6,100
35016895,9:43:36:895,47.6,98
35016895,9:43:36:895,47.6,2
35016895,9:43:36:895,47.6,44
35016895,9:43:36:895,47.6,56
35016895,9:43:36:895,47.6,99
35016895,9:43:36:895,47.6,1
35017372,9:43:37:372,47.6,100
35018811,9:43:38:811,47.6,100
35039096,9:43:59:96,47.59,45
35039097,9:43:59:97,47.59,100
35039097,9:43:59:97,47.59,200
35039097,9:43:59:97,47.59,200
35039097,9:43:59:97,47.59,100
35039097,9:43:59:97,47.59,212
35042225,9:44:2:225,47.58,100
35042225,9:44:2:225,47.58,100
35042226,9:44:2:226,47.57,55
35045617,9:44:5:617,47.58,100
35054835,9:44:14:835,47.57,45
35054835,9:44:14:835,47.57,43
35054835,9:44:14:835,47.57,100
35054877,9:44:14:877,47.57,200
35054877,9:44:14:877,47.57,44
35054878,9:44:14:878,47.57,200
35056787,9:44:16:787,47.57,100
35056788,9:44:16:788,47.57,100
35063377,9:44:23:377,47.58,100
35063378,9:44:23:378,47.58,100
35063378,9:44:23:378,47.58,100
35063378,9:44:23:378,47.58,100
35063378,9:44:23:378,47.58,12
35063380,9:44:23:380,47.59,100
35063380,9:44:23:380,47.59,500
35063381,9:44:23:381,47.59,200
35063806,9:44:23:806,47.58,100
35064999,9:44:24:999,47.58,100
35068358,9:44:28:358,47.57,100
35101736,9:45:1:736,47.59,1
35102619,9:45:2:619,47.58,99
35102873,9:45:2:873,47.58,201
35102882,9:45:2:882,47.58,100
35102889,9:45:2:889,47.58,99
35102892,9:45:2:892,47.58,100
35102902,9:45:2:902,47.58,35
35112306,9:45:12:306,47.585,200
35115443,9:45:15:443,47.58,100
35115443,9:45:15:443,47.58,9
35115443,9:45:15:443,47.58,100
35115443,9:45:15:443,47.58,400
35115443,9:45:15:443,47.58,100
35115444,9:45:15:444,47.58,400
35115444,9:45:15:444,47.58,100
35115444,9:45:15:444,47.58,100
35115444,9:45:15:444,47.58,100
35115444,9:45:15:444,47.58,112
35115444,9:45:15:444,47.58,171
35115444,9:45:15:444,47.58,50
35115444,9:45:15:444,47.58,67
35115471,9:45:15:471,47.58,100
35118781,9:45:18:781,47.59,100
35123875,9:45:23:875,47.59,100
35123875,9:45:23:875,47.59,500
35123875,9:45:23:875,47.59,100
35123875,9:45:23:875,47.59,100
35127835,9:45:27:835,47.6,100
35127835,9:45:27:835,47.6,90
35127835,9:45:27:835,47.6,200
35127835,9:45:27:835,47.6,100
35127835,9:45:27:835,47.6,90
35127835,9:45:27:835,47.6,10
35127835,9:45:27:835,47.6,10
35130167,9:45:30:167,47.6,300
35144896,9:45:44:896,47.59,100
35159732,9:45:59:732,47.6,100
35160198,9:46:0:198,47.6,100
35163269,9:46:3:269,47.59,100
35163269,9:46:3:269,47.59,100
35163269,9:46:3:269,47.59,100
35163269,9:46:3:269,47.59,200
35163269,9:46:3:269,47.59,100
35163269,9:46:3:269,47.59,200
35163412,9:46:3:412,47.59,100
35168467,9:46:8:467,47.59,14
35170291,9:46:10:291,47.59,1
35175740,9:46:15:740,47.58,100
35175751,9:46:15:751,47.58,200
35175751,9:46:15:751,47.58,100
35175751,9:46:15:751,47.58,500
35175751,9:46:15:751,47.58,100
35175775,9:46:15:775,47.56,100
35212039,9:46:52:39,47.56,100
35212039,9:46:52:39,47.57,122
35212039,9:46:52:39,47.57,78
35212039,9:46:52:39,47.56,44
35212039,9:46:52:39,47.56,78
35212040,9:46:52:40,47.56,100
35235359,9:47:15:359,47.56,100
35235359,9:47:15:359,47.56,98
35235359,9:47:15:359,47.56,2
35235359,9:47:15:359,47.56,100
35235359,9:47:15:359,47.56,100
35235360,9:47:15:360,47.55,200
35235360,9:47:15:360,47.55,132
35235360,9:47:15:360,47.55,10
35235360,9:47:15:360,47.55,22
35235360,9:47:15:360,47.55,68
35235361,9:47:15:361,47.54,100
35245777,9:47:25:777,47.54,100
35245778,9:47:25:778,47.54,1
35250854,9:47:30:854,47.53,100
35250855,9:47:30:855,47.53,418
35250858,9:47:30:858,47.51,100
35252008,9:47:32:8,47.5,100
35252008,9:47:32:8,47.5,100
35252008,9:47:32:8,47.5,300
35252010,9:47:32:10,47.5,200
35262026,9:47:42:26,47.52,100
35262054,9:47:42:54,47.52,100
35265849,9:47:45:849,47.5,100
35271486,9:47:51:486,47.515,100
35271498,9:47:51:498,47.515,100
35272053,9:47:52:53,47.515,300
35278851,9:47:58:851,47.5,28
35280852,9:48:0:852,47.5,2
35291828,9:48:11:828,47.515,100
35292029,9:48:12:29,47.5,100
35292030,9:48:12:30,47.5,5
35292030,9:48:12:30,47.5,100
35292030,9:48:12:30,47.5,121
35292030,9:48:12:30,47.5,100
35292031,9:48:12:31,47.5,200
35292033,9:48:12:33,47.5,112
35292033,9:48:12:33,47.5,100
35292531,9:48:12:531,47.51,100
35293293,9:48:13:293,47.5,100
35295879,9:48:15:879,47.5,14
35298013,9:48:18:13,47.51,100
35298013,9:48:18:13,47.51,100
35298013,9:48:18:13,47.51,12
35298013,9:48:18:13,47.51,88
35298013,9:48:18:13,47.51,38
35298013,9:48:18:13,47.51,100
35298014,9:48:18:14,47.51,100
35298014,9:48:18:14,47.51,68
35298014,9:48:18:14,47.505,100
35298014,9:48:18:14,47.51,94
35298015,9:48:18:15,47.5,200
35298015,9:48:18:15,47.5,235
35298016,9:48:18:16,47.51,100
35298018,9:48:18:18,47.5,100
35298125,9:48:18:125,47.505,100
35298130,9:48:18:130,47.5,100
35302703,9:48:22:703,47.51,300
35302704,9:48:22:704,47.51,300
35302704,9:48:22:704,47.51,300
35302704,9:48:22:704,47.505,100
35302705,9:48:22:705,47.505,200
35302707,9:48:22:707,47.505,100
35302708,9:48:22:708,47.505,100
35302708,9:48:22:708,47.505,100
35303358,9:48:23:358,47.505,86
35315952,9:48:35:952,47.5,100
35315953,9:48:35:953,47.5,118
35315953,9:48:35:953,47.5,100
35315953,9:48:35:953,47.5,150
35315953,9:48:35:953,47.5,432
35315953,9:48:35:953,47.5,100
35315953,9:48:35:953,47.5,100
35315953,9:48:35:953,47.5,10
35315953,9:48:35:953,47.5,100
35315953,9:48:35:953,47.5,100
35315953,9:48:35:953,47.5,100
35315953,9:48:35:953,47.5,100
35315953,9:48:35:953,47.5,500
35315954,9:48:35:954,47.5,100
35315954,9:48:35:954,47.5,100
35315954,9:48:35:954,47.5,300
35315954,9:48:35:954,47.5,2
35315955,9:48:35:955,47.5,1
35315955,9:48:35:955,47.5,99
35315955,9:48:35:955,47.5,100
35315955,9:48:35:955,47.5,100
35315955,9:48:35:955,47.5,100
35315955,9:48:35:955,47.5,1
35315955,9:48:35:955,47.5,99
35315956,9:48:35:956,47.5,98
35315974,9:48:35:974,47.5,100
35323112,9:48:43:112,47.508,350
35323883,9:48:43:883,47.505,32
35324527,9:48:44:527,47.505,1
35324879,9:48:44:879,47.505,1
35325883,9:48:45:883,47.505,1
35326879,9:48:46:879,47.505,1
35326885,9:48:46:885,47.505,200
35327883,9:48:47:883,47.505,1
35338032,9:48:58:32,47.51,100
35338032,9:48:58:32,47.51,100
35338032,9:48:58:32,47.51,300
35338032,9:48:58:32,47.51,500
35338033,9:48:58:33,47.51,1
35338033,9:48:58:33,47.505,100
35338033,9:48:58:33,47.505,200
35338034,9:48:58:34,47.51,99
35338034,9:48:58:34,47.51,99
35338034,9:48:58:34,47.51,1
35338034,9:48:58:34,47.505,100
35338034,9:48:58:34,47.51,300
35338034,9:48:58:34,47.51,200
35338034,9:48:58:34,47.51,100
35338034,9:48:58:34,47.51,100
35338034,9:48:58:34,47.51,100
35338035,9:48:58:35,47.51,200
35338035,9:48:58:35,47.51,100
35338035,9:48:58:35,47.51,500
35338035,9:48:58:35,47.505,100
35338035,9:48:58:35,47.51,100
35338035,9:48:58:35,47.51,2
35338035,9:48:58:35,47.51,200
35338035,9:48:58:35,47.51,300
35338035,9:48:58:35,47.51,100
35338035,9:48:58:35,47.51,98
35338036,9:48:58:36,47.51,100
35338037,9:48:58:37,47.5,300
35338037,9:48:58:37,47.5,100
35338037,9:48:58:37,47.5,100
35338037,9:48:58:37,47.5,100
35338037,9:48:58:37,47.5,8
35338037,9:48:58:37,47.5,92
35338037,9:48:58:37,47.5,8
35338037,9:48:58:37,47.5,8
35338037,9:48:58:37,47.5,8
35338045,9:48:58:45,47.51,300
35338048,9:48:58:48,47.5,100
35339886,9:48:59:886,47.49,8
35339997,9:48:59:997,47.49,100
35339997,9:48:59:997,47.49,50
35339997,9:48:59:997,47.49,50
35340002,9:49:0:2,47.48,100
35340002,9:49:0:2,47.48,46
35345673,9:49:5:673,47.47,100
35347955,9:49:7:955,47.48,200
35347955,9:49:7:955,47.48,100
35347955,9:49:7:955,47.48,6
35347955,9:49:7:955,47.48,19
35347955,9:49:7:955,47.48,58
35348878,9:49:8:878,47.48,336
35348878,9:49:8:878,47.48,100
35348878,9:49:8:878,47.48,81
35348878,9:49:8:878,47.48,14
35348878,9:49:8:878,47.48,86
35348878,9:49:8:878,47.48,200
35348878,9:49:8:878,47.48,24
35348878,9:49:8:878,47.48,50
35348878,9:49:8:878,47.48,100
35348878,9:49:8:878,47.48,100
35348878,9:49:8:878,47.48,76
35348878,9:49:8:878,47.48,424
35348879,9:49:8:879,47.48,117
35348879,9:49:8:879,47.48,100
35348879,9:49:8:879,47.48,9
35348880,9:49:8:880,47.48,27
35348880,9:49:8:880,47.48,100
35348880,9:49:8:880,47.48,100
35348880,9:49:8:880,47.48,100
35348896,9:49:8:896,47.48,100
35348906,9:49:8:906,47.48,100
35349126,9:49:9:126,47.48,100
35351030,9:49:11:30,47.48,100
35357195,9:49:17:195,47.49,200
35358298,9:49:18:298,47.49,50
35358298,9:49:18:298,47.49,50
35358298,9:49:18:298,47.49,100
35358489,9:49:18:489,47.5,100
35358490,9:49:18:490,47.5,300
35375329,9:49:35:329,47.49,100
35375329,9:49:35:329,47.49,67
35375329,9:49:35:329,47.49,33
35375330,9:49:35:330,47.49,9
35375330,9:49:35:330,47.49,108
35375330,9:49:35:330,47.49,92
35375330,9:49:35:330,47.49,100
35375330,9:49:35:330,47.49,50
35375330,9:49:35:330,47.49,100
35375330,9:49:35:330,47.49,100
35375330,9:49:35:330,47.49,100
35375330,9:49:35:330,47.49,100
35375330,9:49:35:330,47.49,42
35375330,9:49:35:330,47.49,100
35375332,9:49:35:332,47.48,200
35375332,9:49:35:332,47.48,58
35375332,9:49:35:332,47.48,100
35375334,9:49:35:334,47.48,100
35380017,9:49:40:17,47.5,28
35382465,9:49:42:465,47.48,20
35386990,9:49:46:990,47.5,100
35386990,9:49:46:990,47.5,100
35386990,9:49:46:990,47.5,100
35386990,9:49:46:990,47.5,100
35386993,9:49:46:993,47.5,100
35387001,9:49:47:1,47.5,800
35387002,9:49:47:2,47.5,800
35387004,9:49:47:4,47.5,1700
35387005,9:49:47:5,47.5,800
35387006,9:49:47:6,47.5,565
35387006,9:49:47:6,47.5,4800
35387007,9:49:47:7,47.5,1300
35387010,9:49:47:10,47.5,300
35387010,9:49:47:10,47.5,800
35387015,9:49:47:15,47.49,100
35387196,9:49:47:196,47.5,800
35387197,9:49:47:197,47.5,100
35387227,9:49:47:227,47.5,1000
35387237,9:49:47:237,47.5,700
35387574,9:49:47:574,47.5,100
35392903,9:49:52:903,47.5,200
35393514,9:49:53:514,47.4901,500
35395204,9:49:55:204,47.4901,300
35396136,9:49:56:136,47.4901,500
35396734,9:49:56:734,47.495,100
35396734,9:49:56:734,47.5,100
35396735,9:49:56:735,47.495,100
35396783,9:49:56:783,47.5,100
35402520,9:50:2:520,47.4901,200
35402550,9:50:2:550,47.5,100
35403884,9:50:3:884,47.495,20
35406005,9:50:6:5,47.495,100
35406009,9:50:6:9,47.495,100
35415124,9:50:15:124,47.495,100
35423090,9:50:23:90,47.5,100
35423090,9:50:23:90,47.5,100
35423090,9:50:23:90,47.5,100
35423090,9:50:23:90,47.5,100
35423090,9:50:23:90,47.5,100
35423090,9:50:23:90,47.5,192
35423090,9:50:23:90,47.5,283
35423090,9:50:23:90,47.5,300
35423090,9:50:23:90,47.5,125
35423090,9:50:23:90,47.5,175
35423100,9:50:23:100,47.5,200
35423111,9:50:23:111,47.5,100
35423205,9:50:23:205,47.5,100
35423205,9:50:23:205,47.5,100
35423496,9:50:23:496,47.5,100
35423496,9:50:23:496,47.5,25
35424987,9:50:24:987,47.51,100
35424988,9:50:24:988,47.5,100
35424994,9:50:24:994,47.51,100
35426831,9:50:26:831,47.51,23
35428899,9:50:28:899,47.5001,377
35433317,9:50:33:317,47.51,300
35433317,9:50:33:317,47.51,1
35433318,9:50:33:318,47.51,99
35434102,9:50:34:102,47.51,100
35435023,9:50:35:23,47.51,100
35437781,9:50:37:781,47.51,100
35437931,9:50:37:931,47.51,100
35438031,9:50:38:31,47.51,50
35438031,9:50:38:31,47.51,100
35438040,9:50:38:40,47.51,100
35438068,9:50:38:68,47.515,100
35438082,9:50:38:82,47.51,100
35439802,9:50:39:802,47.51,100
35444991,9:50:44:991,47.51,100
35445001,9:50:45:1,47.51,100
35445059,9:50:45:59,47.5101,100
35445434,9:50:45:434,47.51,100
35447036,9:50:47:36,47.52,200
35447036,9:50:47:36,47.52,100
35447036,9:50:47:36,47.51,100
35447036,9:50:47:36,47.51,100
35447036,9:50:47:36,47.51,50
35447036,9:50:47:36,47.51,100
35447036,9:50:47:36,47.515,200
35447036,9:50:47:36,47.515,100
35447038,9:50:47:38,47.515,100
35447038,9:50:47:38,47.515,100
35447179,9:50:47:179,47.52,100
35447180,9:50:47:180,47.52,100
35448721,9:50:48:721,47.51,100
35448722,9:50:48:722,47.52,280
35456774,9:50:56:774,47.51,100
35456775,9:50:56:775,47.51,201
35456775,9:50:56:775,47.52,100
35456775,9:50:56:775,47.51,101
35456775,9:50:56:775,47.51,100
35456775,9:50:56:775,47.51,5
35456775,9:50:56:775,47.51,100
35456775,9:50:56:775,47.51,100
35456775,9:50:56:775,47.51,100
35456775,9:50:56:775,47.51,100
35456780,9:50:56:780,47.51,100
35456780,9:50:56:780,47.51,100
35456780,9:50:56:780,47.51,100
35457574,9:50:57:574,47.5,300
35458679,9:50:58:679,47.5,100
35458679,9:50:58:679,47.5,100
35458679,9:50:58:679,47.5,100
35458679,9:50:58:679,47.5,300
35458679,9:50:58:679,47.5,100
35458679,9:50:58:679,47.5,200
35458681,9:50:58:681,47.5,100
35458856,9:50:58:856,47.51,100
35458856,9:50:58:856,47.51,100
35458856,9:50:58:856,47.51,100
35458857,9:50:58:857,47.5,100
35458857,9:50:58:857,47.5,100
35458877,9:50:58:877,47.51,100
35459192,9:50:59:192,47.51,100
35463975,9:51:3:975,47.52,100
35463975,9:51:3:975,47.51,100
35463976,9:51:3:976,47.51,100
35464107,9:51:4:107,47.51,100
35465203,9:51:5:203,47.505,100
35466598,9:51:6:598,47.51,200
35466598,9:51:6:598,47.51,100
35466598,9:51:6:598,47.51,100
35466599,9:51:6:599,47.505,100
35466599,9:51:6:599,47.505,100
35466600,9:51:6:600,47.505,100
35466600,9:51:6:600,47.505,100
35468076,9:51:8:76,47.51,10
35470301,9:51:10:301,47.51,90
35470301,9:51:10:301,47.51,10
35470424,9:51:10:424,47.51,100
35470424,9:51:10:424,47.51,7
35471085,9:51:11:85,47.51,83
35471085,9:51:11:85,47.51,100
35471085,9:51:11:85,47.51,17
35471085,9:51:11:85,47.51,100
35471086,9:51:11:86,47.505,100
35471088,9:51:11:88,47.505,100
35478999,9:51:18:999,47.5001,200
35487036,9:51:27:36,47.51,100
35487036,9:51:27:36,47.51,100
35487036,9:51:27:36,47.51,100
35487036,9:51:27:36,47.51,100
35487036,9:51:27:36,47.51,100
35487036,9:51:27:36,47.505,100
35487036,9:51:27:36,47.505,100
35487037,9:51:27:37,47.505,100
35487038,9:51:27:38,47.51,100
35487039,9:51:27:39,47.51,100
35487040,9:51:27:40,47.51,100
35487053,9:51:27:53,47.515,100
35487142,9:51:27:142,47.505,100
35487587,9:51:27:587,47.52,300
35493714,9:51:33:714,47.5101,100
35511462,9:51:51:462,47.52,100
35511464,9:51:51:464,47.52,100
35511476,9:51:51:476,47.52,100
35511621,9:51:51:621,47.52,100
35511621,9:51:51:621,47.52,100
35511621,9:51:51:621,47.52,100
35511621,9:51:51:621,47.52,100
35511621,9:51:51:621,47.52,100
35511621,9:51:51:621,47.52,100
35511622,9:51:51:622,47.52,100
35511622,9:51:51:622,47.52,100
35511622,9:51:51:622,47.515,100
35511623,9:51:51:623,47.515,200
35511624,9:51:51:624,47.515,150
35511625,9:51:51:625,47.52,100
35511627,9:51:51:627,47.515,100
35511718,9:51:51:718,47.515,100
35512228,9:51:52:228,47.52,200
35512335,9:51:52:335,47.52,100
35512343,9:51:52:343,47.525,100
35512497,9:51:52:497,47.52,100
35517554,9:51:57:554,47.5201,300
35525777,9:52:5:777,47.53,1
35525784,9:52:5:784,47.525,200
35537948,9:52:17:948,47.525,100
35551646,9:52:31:646,47.525,100
35554171,9:52:34:171,47.53,100
35557386,9:52:37:386,47.525,100
35557396,9:52:37:396,47.53,100
35557396,9:52:37:396,47.525,100
35557432,9:52:37:432,47.525,100
35560856,9:52:40:856,47.53,100
35564009,9:52:44:9,47.525,100
35568459,9:52:48:459,47.53,100
35568459,9:52:48:459,47.53,100
35568462,9:52:48:462,47.525,100
35568554,9:52:48:554,47.525,100
35568822,9:52:48:822,47.5201,100
35568834,9:52:48:834,47.53,100
35568834,9:52:48:834,47.53,100
35568834,9:52:48:834,47.53,100
35568834,9:52:48:834,47.53,100
35568834,9:52:48:834,47.53,100
35568834,9:52:48:834,47.53,100
35568835,9:52:48:835,47.53,100
35568835,9:52:48:835,47.53,100
35568835,9:52:48:835,47.525,100
35568835,9:52:48:835,47.525,100
35568835,9:52:48:835,47.525,200
35568837,9:52:48:837,47.525,100
35568837,9:52:48:837,47.525,100
35568839,9:52:48:839,47.525,100
35568864,9:52:48:864,47.53,100
35568864,9:52:48:864,47.525,100
35568898,9:52:48:898,47.525,100
35568954,9:52:48:954,47.525,100
35568960,9:52:48:960,47.525,100
35574899,9:52:54:899,47.525,1
35574900,9:52:54:900,47.53,600
35574900,9:52:54:900,47.52,72
35574900,9:52:54:900,47.52,200
35574900,9:52:54:900,47.52,100
35574900,9:52:54:900,47.52,28
35574900,9:52:54:900,47.52,100
35574900,9:52:54:900,47.52,100
35574900,9:52:54:900,47.52,100
35574900,9:52:54:900,47.52,100
35574900,9:52:54:900,47.52,35
35574901,9:52:54:901,47.52,100
35574901,9:52:54:901,47.51,100
35574902,9:52:54:902,47.51,100
35574902,9:52:54:902,47.51,101
35574902,9:52:54:902,47.51,100
35574902,9:52:54:902,47.51,100
35575239,9:52:55:239,47.5,100
35575599,9:52:55:599,47.4903,300
35575650,9:52:55:650,47.5,8
35575690,9:52:55:690,47.49,100
35575690,9:52:55:690,47.49,100
35575743,9:52:55:743,47.49,100
35578026,9:52:58:26,47.5,100
35579020,9:52:59:20,47.4901,192
35579999,9:52:59:999,47.5,9
35582333,9:53:2:333,47.49,100
35582334,9:53:2:334,47.49,200
35582334,9:53:2:334,47.48,21
35582334,9:53:2:334,47.48,100
35582334,9:53:2:334,47.49,21
35582334,9:53:2:334,47.49,8
35582335,9:53:2:335,47.48,100
35582335,9:53:2:335,47.48,100
35582335,9:53:2:335,47.48,514
35582336,9:53:2:336,47.48,10
35582336,9:53:2:336,47.48,100
35582336,9:53:2:336,47.48,100
35591359,9:53:11:359,47.4601,100
35591361,9:53:11:361,47.4601,100
35597521,9:53:17:521,47.5102,100
35618255,9:53:38:255,47.47,500
35618255,9:53:38:255,47.47,100
35618255,9:53:38:255,47.47,100
35618255,9:53:38:255,47.47,200
35618284,9:53:38:284,47.48,100
35618842,9:53:38:842,47.48,100
35618842,9:53:38:842,47.48,200
35624972,9:53:44:972,47.4701,100
35624973,9:53:44:973,47.4701,100
35638513,9:53:58:513,47.49,100
35638517,9:53:58:517,47.49,100
35638518,9:53:58:518,47.49,99
35638518,9:53:58:518,47.49,400
35638518,9:53:58:518,47.49,100
35638518,9:53:58:518,47.5,100
35638519,9:53:58:519,47.5,100
35638519,9:53:58:519,47.5,300
35638519,9:53:58:519,47.5,100
35640012,9:54:0:12,47.51,10
35642084,9:54:2:84,47.51,1
35642084,9:54:2:84,47.52,99
35642087,9:54:2:87,47.51,100
35646011,9:54:6:11,47.5001,100
35650763,9:54:10:763,47.51,100
35650763,9:54:10:763,47.51,100
35650763,9:54:10:763,47.51,100
35650766,9:54:10:766,47.51,100
35650766,9:54:10:766,47.51,100
35650766,9:54:10:766,47.51,100
35650766,9:54:10:766,47.51,100
35650766,9:54:10:766,47.51,100
35650766,9:54:10:766,47.51,100
35654307,9:54:14:307,47.52,100
35654307,9:54:14:307,47.52,12
35654308,9:54:14:308,47.52,88
35654308,9:54:14:308,47.51,100
35654519,9:54:14:519,47.51,100
35654519,9:54:14:519,47.52,12
35654522,9:54:14:522,47.51,400
35658041,9:54:18:41,47.51,100
35659396,9:54:19:396,47.52,400
35659604,9:54:19:604,47.51,100
35662246,9:54:22:246,47.505,100
35662674,9:54:22:674,47.5001,100
35663489,9:54:23:489,47.51,100
35663489,9:54:23:489,47.51,50
35663489,9:54:23:489,47.51,150
35663489,9:54:23:489,47.51,150
35669159,9:54:29:159,47.51,100
35669159,9:54:29:159,47.51,100
35670749,9:54:30:749,47.52,200
35670749,9:54:30:749,47.52,100
35670754,9:54:30:754,47.525,100
35671710,9:54:31:710,47.52,200
35672336,9:54:32:336,47.52,100
35688860,9:54:48:860,47.535,10
35693008,9:54:53:8,47.53,100
35693008,9:54:53:8,47.54,100
35693008,9:54:53:8,47.54,100
35693043,9:54:53:43,47.53,200
35693145,9:54:53:145,47.54,100
35694651,9:54:54:651,47.54,100
35695392,9:54:55:392,47.535,100
35695397,9:54:55:397,47.54,50
35702670,9:55:2:670,47.54,504
35703897,9:55:3:897,47.53,1
35732885,9:55:32:885,47.535,9
35747582,9:55:47:582,47.54,1
35748027,9:55:48:27,47.54,300
35751845,9:55:51:845,47.535,100
35757036,9:55:57:36,47.54,100
35757036,9:55:57:36,47.54,100
35757036,9:55:57:36,47.54,100
35757036,9:55:57:36,47.54,100
35757036,9:55:57:36,47.54,25
35757037,9:55:57:37,47.54,100
35757037,9:55:57:37,47.54,25
35757037,9:55:57:37,47.54,75
35757037,9:55:57:37,47.535,100
35757037,9:55:57:37,47.535,100
35757037,9:55:57:37,47.535,100
35757038,9:55:57:38,47.535,200
35757038,9:55:57:38,47.535,100
35757039,9:55:57:39,47.535,100
35757132,9:55:57:132,47.54,100
35757141,9:55:57:141,47.535,100
35757143,9:55:57:143,47.535,100
35757147,9:55:57:147,47.535,100
35757496,9:55:57:496,47.54,100
35757692,9:55:57:692,47.545,300
35758384,9:55:58:384,47.54,5
35762104,9:56:2:104,47.5401,100
35762107,9:56:2:107,47.54,100
35762158,9:56:2:158,47.54,200
35762158,9:56:2:158,47.54,3
35762158,9:56:2:158,47.54,100
35762158,9:56:2:158,47.54,100
35762158,9:56:2:158,47.54,197
35762158,9:56:2:158,47.54,3
35762158,9:56:2:158,47.54,300
35762158,9:56:2:158,47.54,300
35762158,9:56:2:158,47.54,500
35762158,9:56:2:158,47.54,300
35762158,9:56:2:158,47.54,300
35762158,9:56:2:158,47.54,100
35763874,9:56:3:874,47.535,10
35764070,9:56:4:70,47.53,1
35764070,9:56:4:70,47.53,200
35764070,9:56:4:70,47.53,100
35764070,9:56:4:70,47.53,100
35764071,9:56:4:71,47.52,100
35764072,9:56:4:72,47.52,200
35764072,9:56:4:72,47.52,200
35764304,9:56:4:304,47.515,100
35767789,9:56:7:789,47.51,100
35767789,9:56:7:789,47.51,9
35767789,9:56:7:789,47.51,100
35767789,9:56:7:789,47.5,100
35767789,9:56:7:789,47.5,100
35768825,9:56:8:825,47.51,100
35768825,9:56:8:825,47.5,100
35771215,9:56:11:215,47.48,100
35771217,9:56:11:217,47.48,100
35771219,9:56:11:219,47.48,100
35771815,9:56:11:815,47.49,100
35776809,9:56:16:809,47.4712,200
35778527,9:56:18:527,47.48,1
35778527,9:56:18:527,47.48,499
35779105,9:56:19:105,47.48,100
35779105,9:56:19:105,47.48,1
35793445,9:56:33:445,47.49,37
35798204,9:56:38:204,47.48,4
35798744,9:56:38:744,47.49,100
35801113,9:56:41:113,47.49,100
35802170,9:56:42:170,47.49,100
35802170,9:56:42:170,47.49,100
35802170,9:56:42:170,47.49,100
35802170,9:56:42:170,47.49,500
35802170,9:56:42:170,47.49,100
35802187,9:56:42:187,47.5,100
35802199,9:56:42:199,47.5,100
35802199,9:56:42:199,47.5,100
35802200,9:56:42:200,47.5,100
35802870,9:56:42:870,47.51,100
35808775,9:56:48:775,47.5001,200
35817609,9:56:57:609,47.52,84
35824390,9:57:4:390,47.52,4
35829849,9:57:9:849,47.515,10
35838336,9:57:18:336,47.52,96
35838336,9:57:18:336,47.52,400
35838336,9:57:18:336,47.52,100
35838336,9:57:18:336,47.52,100
35838337,9:57:18:337,47.52,200
35838337,9:57:18:337,47.515,100
35838338,9:57:18:338,47.52,100
35838338,9:57:18:338,47.52,200
35838338,9:57:18:338,47.52,100
35838338,9:57:18:338,47.52,300
35838340,9:57:18:340,47.52,100
35838345,9:57:18:345,47.515,600
35838347,9:57:18:347,47.515,200
35838424,9:57:18:424,47.52,100
35838455,9:57:18:455,47.52,100
35838524,9:57:18:524,47.53,32
35838980,9:57:18:980,47.53,68
35840169,9:57:20:169,47.52,41
35840169,9:57:20:169,47.52,59
35840169,9:57:20:169,47.52,100
35840169,9:57:20:169,47.52,100
35840169,9:57:20:169,47.52,100
35840169,9:57:20:169,47.52,100
35840169,9:57:20:169,47.52,100
35840169,9:57:20:169,47.52,100
35840225,9:57:20:225,47.53,30
35845312,9:57:25:312,47.51,100
35845313,9:57:25:313,47.51,10
35845313,9:57:25:313,47.51,89
35845313,9:57:25:313,47.51,101
35845313,9:57:25:313,47.51,101
35845313,9:57:25:313,47.51,11
35845313,9:57:25:313,47.51,100
35845313,9:57:25:313,47.51,101
35845314,9:57:25:314,47.51,101
35845329,9:57:25:329,47.51,30
35847332,9:57:27:332,47.5001,100
35847430,9:57:27:430,47.52,4
35853509,9:57:33:509,47.5,100
35853534,9:57:33:534,47.51,5
35862798,9:57:42:798,47.505,100
35862841,9:57:42:841,47.51,5
35874280,9:57:54:280,47.51,90
35874280,9:57:54:280,47.51,52
35880510,9:58:0:510,47.51,100
35880554,9:58:0:554,47.51,5
35883850,9:58:3:850,47.51,10
35885714,9:58:5:714,47.51,10
35885714,9:58:5:714,47.51,23
35885715,9:58:5:715,47.51,100
35885715,9:58:5:715,47.51,300
35885719,9:58:5:719,47.51,200
35885720,9:58:5:720,47.51,100
35885758,9:58:5:758,47.51,37
35891182,9:58:11:182,47.5,100
35891262,9:58:11:262,47.505,3
35900193,9:58:20:193,47.5,1
35900194,9:58:20:194,47.5,200
35900194,9:58:20:194,47.5,100
35900194,9:58:20:194,47.5,100
35900194,9:58:20:194,47.5,100
35900194,9:58:20:194,47.49,800
35900194,9:58:20:194,47.5,100
35900194,9:58:20:194,47.49,100
35900195,9:58:20:195,47.5,100
35900268,9:58:20:268,47.5,84
35902772,9:58:22:772,47.5,100
35902870,9:58:22:870,47.495,1
35904694,9:58:24:694,47.4901,200
35904771,9:58:24:771,47.495,10
35905616,9:58:25:616,47.4959,200
35905672,9:58:25:672,47.495,10
35910421,9:58:30:421,47.4944,270
35910476,9:58:30:476,47.495,14
35921545,9:58:41:545,47.495,100
35921545,9:58:41:545,47.5,25
35921546,9:58:41:546,47.495,86
35921546,9:58:41:546,47.5,14
35921546,9:58:41:546,47.5,300
35921546,9:58:41:546,47.5,79
35921546,9:58:41:546,47.5,78
35921546,9:58:41:546,47.5,86
35921546,9:58:41:546,47.5,175
35921547,9:58:41:547,47.5,7
35921547,9:58:41:547,47.5,115
35921547,9:58:41:547,47.5,100
35921549,9:58:41:549,47.5,100
35921549,9:58:41:549,47.5,100
35921549,9:58:41:549,47.5,100
35921549,9:58:41:549,47.5,100
35921551,9:58:41:551,47.5,100
35921573,9:58:41:573,47.5,500
35921703,9:58:41:703,47.51,93
35922031,9:58:42:31,47.5,100
35922103,9:58:42:103,47.5,1
35926547,9:58:46:547,47.5,5
35931169,9:58:51:169,47.4901,100
35931209,9:58:51:209,47.5,5
35933533,9:58:53:533,47.5,94
35933536,9:58:53:536,47.5,100
35933537,9:58:53:537,47.5,200
35933611,9:58:53:611,47.505,15
35933669,9:58:53:669,47.5,100
35933669,9:58:53:669,47.5,100
35933711,9:58:53:711,47.5,10
35940037,9:59:0:37,47.5,90
35949382,9:59:9:382,47.51,2
35952793,9:59:12:793,47.505,100
35952793,9:59:12:793,47.505,100
35952823,9:59:12:823,47.51,10
35954702,9:59:14:702,47.5,100
35954725,9:59:14:725,47.51,5
35968094,9:59:28:94,47.51,100
35968134,9:59:28:134,47.51,5
35980007,9:59:40:7,47.505,200
35980027,9:59:40:27,47.505,100
35980042,9:59:40:42,47.51,15
35993012,9:59:53:12,47.51,300
35993012,9:59:53:12,47.51,391
35993012,9:59:53:12,47.51,9
35993012,9:59:53:12,47.51,135
35993013,9:59:53:13,47.51,100
35993014,9:59:53:14,47.51,100
35993014,9:59:53:14,47.51,10
35993014,9:59:53:14,47.51,65
35993014,9:59:53:14,47.51,35
35993014,9:59:53:14,47.51,30
35993027,9:59:53:27,47.505,100
35993027,9:59:53:27,47.505,100
35993040,9:59:53:40,47.505,100
35993040,9:59:53:40,47.505,100
35993041,9:59:53:41,47.505,100
35993050,9:59:53:50,47.505,150
35993057,9:59:53:57,47.505,100
35993058,9:59:53:58,47.505,100
35993151,9:59:53:151,47.51,98
35993154,9:59:53:154,47.505,100
35993251,9:59:53:251,47.51,1
35993886,9:59:53:886,47.51,101
35993887,9:59:53:887,47.51,165
35993887,9:59:53:887,47.51,100
35993887,9:59:53:887,47.51,100
35993891,9:59:53:891,47.51,200
35993931,9:59:53:931,47.51,100
35993951,9:59:53:951,47.52,35
35993958,9:59:53:958,47.51,500
35993982,9:59:53:982,47.52,100
35993982,9:59:53:982,47.52,52
35993982,9:59:53:982,47.52,5
35993982,9:59:53:982,47.51,100
35994051,9:59:54:51,47.52,29
35994151,9:59:54:151,47.52,9
35994170,9:59:54:170,47.515,100
35994251,9:59:54:251,47.52,5
35994254,9:59:54:254,47.515,100
35994351,9:59:54:351,47.52,5
35994481,9:59:54:481,47.515,100
35994552,9:59:54:552,47.52,5
35994553,9:59:54:553,47.515,100
35994615,9:59:54:615,47.515,100
35994652,9:59:54:652,47.52,3
35994652,9:59:54:652,47.52,7
35994669,9:59:54:669,47.515,100
35994752,9:59:54:752,47.52,5
35997797,9:59:57:797,47.5125,150
35997854,9:59:57:854,47.52,8
35999926,9:59:59:926,47.52,10
36004379,10:0:4:379,47.51,100
36004379,10:0:4:379,47.51,200
36004379,10:0:4:379,47.51,300
36004379,10:0:4:379,47.51,100
36004379,10:0:4:379,47.51,300
36004379,10:0:4:379,47.51,300
36004379,10:0:4:379,47.51,100
36004379,10:0:4:379,47.51,100
36004380,10:0:4:380,47.51,100
36004380,10:0:4:380,47.51,101
36004380,10:0:4:380,47.51,99
36004381,10:0:4:381,47.5,100
36004381,10:0:4:381,47.5,200
36004381,10:0:4:381,47.5,300
36004381,10:0:4:381,47.5,100
36004386,10:0:4:386,47.49,100
36004390,10:0:4:390,47.5,200
36004393,10:0:4:393,47.49,100
36004405,10:0:4:405,47.49,100
36004405,10:0:4:405,47.49,200
36004458,10:0:4:458,47.5,162
36004716,10:0:4:716,47.495,1
36004716,10:0:4:716,47.49,99
36004716,10:0:4:716,47.49,100
36004716,10:0:4:716,47.49,100
36004717,10:0:4:717,47.49,1
36004758,10:0:4:758,47.5,11
36004906,10:0:4:906,47.5,100
36004945,10:0:4:945,47.49,100
36004958,10:0:4:958,47.5,10
36007574,10:0:7:574,47.5,100
36007574,10:0:7:574,47.5,17
36007574,10:0:7:574,47.5,42
36007574,10:0:7:574,47.5,6
36007574,10:0:7:574,47.5,7
36007580,10:0:7:580,47.5,100
36007660,10:0:7:660,47.5,10
36023279,10:0:23:279,47.49,100
36023279,10:0:23:279,47.49,30
36023279,10:0:23:279,47.49,5
36023279,10:0:23:279,47.49,700
36023279,10:0:23:279,47.49,100
36023279,10:0:23:279,47.49,100
36023279,10:0:23:279,47.49,165
36023279,10:0:23:279,47.49,6
36023279,10:0:23:279,47.49,35
36023280,10:0:23:280,47.48,100
36023280,10:0:23:280,47.48,100
36023280,10:0:23:280,47.48,100
36023281,10:0:23:281,47.47,1
36023371,10:0:23:371,47.48,77
36023739,10:0:23:739,47.48,100
36023771,10:0:23:771,47.475,1
36027624,10:0:27:624,47.48,100
36027674,10:0:27:674,47.48,5
36032835,10:0:32:835,47.47,100
36032854,10:0:32:854,47.47,300
36032864,10:0:32:864,47.47,100
36032877,10:0:32:877,47.475,26
36053534,10:0:53:534,47.48,100
36053534,10:0:53:534,47.48,9
36053534,10:0:53:534,47.48,105
36053534,10:0:53:534,47.48,86
36053535,10:0:53:535,47.48,95
36053535,10:0:53:535,47.48,9
36053535,10:0:53:535,47.48,91
36053535,10:0:53:535,47.48,100
36053535,10:0:53:535,47.48,13
36053535,10:0:53:535,47.48,4
36053535,10:0:53:535,47.48,96
36053591,10:0:53:591,47.49,15
36053621,10:0:53:621,47.49,85
36053632,10:0:53:632,47.49,15
36064799,10:1:4:799,47.49,1
36072669,10:1:12:669,47.49,200
36072669,10:1:12:669,47.49,200
36072669,10:1:12:669,47.49,100
36072704,10:1:12:704,47.51,25
36072708,10:1:12:708,47.5,100
36072804,10:1:12:804,47.52,4
36073334,10:1:13:334,47.51,5
36082785,10:1:22:785,47.509,4
36082792,10:1:22:792,47.51,53
36092576,10:1:32:576,47.51,100
36092576,10:1:32:576,47.51,4
36092577,10:1:32:577,47.51,4
36092577,10:1:32:577,47.51,96
36092577,10:1:32:577,47.505,100
36092577,10:1:32:577,47.51,100
36092577,10:1:32:577,47.51,100
36092578,10:1:32:578,47.505,100
36092578,10:1:32:578,47.51,96
36092580,10:1:32:580,47.505,100
36092622,10:1:32:622,47.51,32
36093033,10:1:33:33,47.51,68
36095149,10:1:35:149,47.51,100
36095223,10:1:35:223,47.52,3
36099185,10:1:39:185,47.51,100
36099185,10:1:39:185,47.52,118
36099226,10:1:39:226,47.52,11
36101903,10:1:41:903,47.51,100
36101903,10:1:41:903,47.52,82
36101928,10:1:41:928,47.52,5
36108254,10:1:48:254,47.515,200
36108332,10:1:48:332,47.52,10
36117536,10:1:57:536,47.52,6
36124131,10:2:4:131,47.51,1
36155906,10:2:35:906,47.515,100
36155965,10:2:35:965,47.515,5
36168412,10:2:48:412,47.51,100
36168412,10:2:48:412,47.515,3
36168412,10:2:48:412,47.51,100
36168412,10:2:48:412,47.51,699
36168412,10:2:48:412,47.51,100
36168412,10:2:48:412,47.51,100
36168412,10:2:48:412,47.51,200
36168412,10:2:48:412,47.51,97
36168412,10:2:48:412,47.51,100
36168412,10:2:48:412,47.51,76
36168412,10:2:48:412,47.51,3
36168412,10:2:48:412,47.51,568
36168412,10:2:48:412,47.51,100
36168412,10:2:48:412,47.51,1
36168412,10:2:48:412,47.51,3
36168412,10:2:48:412,47.51,100
36168412,10:2:48:412,47.51,200
36168412,10:2:48:412,47.51,100
36168412,10:2:48:412,47.51,100
36168412,10:2:48:412,47.51,432
36168414,10:2:48:414,47.505,100
36168474,10:2:48:474,47.505,100
36168474,10:2:48:474,47.51,63
36168817,10:2:48:817,47.51,100
36168874,10:2:48:874,47.505,2
36173074,10:2:53:74,47.51,100
36173074,10:2:53:74,47.51,200
36173074,10:2:53:74,47.51,85
36173074,10:2:53:74,47.505,100
36173074,10:2:53:74,47.505,100
36173075,10:2:53:75,47.505,300
36173075,10:2:53:75,47.51,100
36173075,10:2:53:75,47.51,4
36173076,10:2:53:76,47.51,6
36173076,10:2:53:76,47.51,100
36173076,10:2:53:76,47.51,100
36173076,10:2:53:76,47.51,4
36173076,10:2:53:76,47.51,300
36173076,10:2:53:76,47.51,100
36173076,10:2:53:76,47.51,15
36173076,10:2:53:76,47.51,100
36173077,10:2:53:77,47.505,100
36173078,10:2:53:78,47.505,100
36173079,10:2:53:79,47.505,100
36173081,10:2:53:81,47.51,95
36173081,10:2:53:81,47.51,100
36173082,10:2:53:82,47.51,100
36173082,10:2:53:82,47.505,200
36173082,10:2:53:82,47.505,300
36173084,10:2:53:84,47.51,200
36173085,10:2:53:85,47.51,100
36173181,10:2:53:181,47.52,52
36173194,10:2:53:194,47.505,100
36173281,10:2:53:281,47.52,3
36173614,10:2:53:614,47.5,100
36173614,10:2:53:614,47.5,100
36173614,10:2:53:614,47.5,300
36173614,10:2:53:614,47.5,411
36173614,10:2:53:614,47.5,277
36173614,10:2:53:614,47.5,223
36173681,10:2:53:681,47.495,74
36174438,10:2:54:438,47.49,200
36174438,10:2:54:438,47.49,100
36174438,10:2:54:438,47.49,100
36174439,10:2:54:439,47.48,100
36174439,10:2:54:439,47.48,100
36174439,10:2:54:439,47.48,101
36174440,10:2:54:440,47.48,100
36174482,10:2:54:482,47.48,38
36179939,10:2:59:939,47.47,1
36180163,10:3:0:163,47.475,400
36180186,10:3:0:186,47.48,19
36194936,10:3:14:936,47.475,100
36194996,10:3:14:996,47.48,5
36195938,10:3:15:938,47.475,49
36196803,10:3:16:803,47.475,100
36196897,10:3:16:897,47.48,5
36199692,10:3:19:692,47.47,100
36199693,10:3:19:693,47.47,200
36199693,10:3:19:693,47.47,13
36199693,10:3:19:693,47.47,100
36199693,10:3:19:693,47.47,500
36199693,10:3:19:693,47.47,17
36199693,10:3:19:693,47.47,100
36199693,10:3:19:693,47.47,50
36199699,10:3:19:699,47.465,52
36201841,10:3:21:841,47.47,1
36208077,10:3:28:77,47.46,100
36208105,10:3:28:105,47.47,3
36210585,10:3:30:585,47.46,100
36210607,10:3:30:607,47.47,5
36212838,10:3:32:838,47.46,15
36212839,10:3:32:839,47.46,100
36212839,10:3:32:839,47.46,60
36212908,10:3:32:908,47.455,5
36222867,10:3:42:867,47.45,100
36222915,10:3:42:915,47.46,5
36227666,10:3:47:666,47.455,500
36227718,10:3:47:718,47.46,26
36227832,10:3:47:832,47.4501,400
36227918,10:3:47:918,47.46,19
36242839,10:4:2:839,47.45,100
36242839,10:4:2:839,47.45,100
36242839,10:4:2:839,47.45,300
36242840,10:4:2:840,47.45,100
36242840,10:4:2:840,47.45,100
36242840,10:4:2:840,47.45,100
36242840,10:4:2:840,47.45,300
36242929,10:4:2:929,47.45,57
36243936,10:4:3:936,47.45,100
36243936,10:4:3:936,47.45,12
36243936,10:4:3:936,47.45,288
36243936,10:4:3:936,47.45,37
36243936,10:4:3:936,47.45,90
36243936,10:4:3:936,47.45,162
36243936,10:4:3:936,47.45,130
36243936,10:4:3:936,47.45,8
36243936,10:4:3:936,47.45,50
36243937,10:4:3:937,47.45,13
36243952,10:4:3:952,47.455,100
36244029,10:4:4:29,47.46,38
36246273,10:4:6:273,47.46,1
36252845,10:4:12:845,47.45,3
36262864,10:4:22:864,47.445,3
36262864,10:4:22:864,47.445,97
36270106,10:4:30:106,47.45,3
36270106,10:4:30:106,47.45,302
36270148,10:4:30:148,47.445,14
36270186,10:4:30:186,47.445,86
36270217,10:4:30:217,47.45,14
36270236,10:4:30:236,47.45,100
36270248,10:4:30:248,47.45,5
36272842,10:4:32:842,47.445,3
36272842,10:4:32:842,47.445,94
36280391,10:4:40:391,47.445,100
36280391,10:4:40:391,47.44,1
36280391,10:4:40:391,47.44,31
36280455,10:4:40:455,47.445,5
36282844,10:4:42:844,47.44,100
36282844,10:4:42:844,47.44,100
36282844,10:4:42:844,47.44,603
36282844,10:4:42:844,47.44,100
36282844,10:4:42:844,47.445,100
36282844,10:4:42:844,47.44,69
36282844,10:4:42:844,47.44,5
36282844,10:4:42:844,47.44,100
36282844,10:4:42:844,47.44,100
36282844,10:4:42:844,47.44,3
36282845,10:4:42:845,47.44,50
36282845,10:4:42:845,47.44,100
36282846,10:4:42:846,47.43,1
36282857,10:4:42:857,47.44,68
36282857,10:4:42:857,47.44,55
36282857,10:4:42:857,47.44,11
36282859,10:4:42:859,47.44,277
36282957,10:4:42:957,47.45,11
36285622,10:4:45:622,47.445,100
36285659,10:4:45:659,47.45,5
36290493,10:4:50:493,47.44,100
36290493,10:4:50:493,47.44,26
36290500,10:4:50:500,47.445,100
36290562,10:4:50:562,47.45,10
36292690,10:4:52:690,47.445,100
36292764,10:4:52:764,47.45,5
36293024,10:4:53:24,47.45,100
36293065,10:4:53:65,47.45,5
36302683,10:5:2:683,47.45,100
36302771,10:5:2:771,47.45,5
36312841,10:5:12:841,47.44,100
36312878,10:5:12:878,47.45,5
36322844,10:5:22:844,47.44,100
36322844,10:5:22:844,47.44,1
36322885,10:5:22:885,47.45,5
36332842,10:5:32:842,47.44,100
36332892,10:5:32:892,47.45,5
36335015,10:5:35:15,47.45,100
36335016,10:5:35:16,47.45,95
36335093,10:5:35:93,47.45,5
36335093,10:5:35:93,47.45,7
36335094,10:5:35:94,47.45,8
36335094,10:5:35:94,47.45,3
36335094,10:5:35:94,47.45,97
36335094,10:5:35:94,47.45,100
36335094,10:5:35:94,47.45,100
36335094,10:5:35:94,47.45,188
36335094,10:5:35:94,47.45,100
36335094,10:5:35:94,47.45,120
36335094,10:5:35:94,47.45,4
36335094,10:5:35:94,47.45,5
36335094,10:5:35:94,47.45,4
36335097,10:5:35:97,47.46,200
36335097,10:5:35:97,47.46,39
36335107,10:5:35:107,47.47,100
36335107,10:5:35:107,47.47,74
36335107,10:5:35:107,47.47,26
36335107,10:5:35:107,47.47,74
36335107,10:5:35:107,47.47,26
36335108,10:5:35:108,47.47,200
36335108,10:5:35:108,47.47,100
36335108,10:5:35:108,47.47,100
36335193,10:5:35:193,47.48,68
36335225,10:5:35:225,47.47,5
36335225,10:5:35:225,47.47,95
36335225,10:5:35:225,47.47,100
36335293,10:5:35:293,47.47,2
36336940,10:5:36:940,47.48,100
36336995,10:5:36:995,47.48,5
36341850,10:5:41:850,47.4919,100
36345817,10:5:45:817,47.47,100
36345817,10:5:45:817,47.47,100
36345901,10:5:45:901,47.47,10
36348396,10:5:48:396,47.47,300
36348403,10:5:48:403,47.48,16
36352657,10:5:52:657,47.48,100
36352706,10:5:52:706,47.48,4
36352826,10:5:52:826,47.48,100
36352827,10:5:52:827,47.48,100
36352827,10:5:52:827,47.48,200
36352827,10:5:52:827,47.48,100
36352835,10:5:52:835,47.49,100
36352840,10:5:52:840,47.49,100
36352845,10:5:52:845,47.49,100
36352906,10:5:52:906,47.49,42
36371117,10:6:11:117,47.495,1
36371276,10:6:11:276,47.5,300
36371290,10:6:11:290,47.5,100
36371318,10:6:11:318,47.5,19
36371568,10:6:11:568,47.5,100
36371568,10:6:11:568,47.5,100
36371568,10:6:11:568,47.5,2
36371568,10:6:11:568,47.5,5
36371568,10:6:11:568,47.5,2
36371568,10:6:11:568,47.5,98
36371569,10:6:11:569,47.5,3
36371569,10:6:11:569,47.5,3
36371569,10:6:11:569,47.5,122
36371584,10:6:11:584,47.505,100
36371585,10:6:11:585,47.51,10
36371592,10:6:11:592,47.5,100
36371592,10:6:11:592,47.5,100
36371592,10:6:11:592,47.5,100
36371592,10:6:11:592,47.5,10
36371592,10:6:11:592,47.5,100
36371592,10:6:11:592,47.5,113
36371592,10:6:11:592,47.5,87
36371592,10:6:11:592,47.5,2
36371595,10:6:11:595,47.5,100
36371619,10:6:11:619,47.5,53
36372915,10:6:12:915,47.5,100
36372919,10:6:12:919,47.51,3
36375858,10:6:15:858,47.5,100
36375922,10:6:15:922,47.51,5
36386661,10:6:26:661,47.5,100
36386729,10:6:26:729,47.51,5
36412838,10:6:52:838,47.49,100
36412847,10:6:52:847,47.5,5
36412856,10:6:52:856,47.49,100
36412859,10:6:52:859,47.5,100
36412862,10:6:52:862,47.5,100
36412863,10:6:52:863,47.5,100
36412863,10:6:52:863,47.5,200
36412947,10:6:52:947,47.51,31
36413191,10:6:53:191,47.5,100
36413247,10:6:53:247,47.51,4
36416034,10:6:56:34,47.5,600
36416035,10:6:56:35,47.5,53
36416035,10:6:56:35,47.5,100
36416035,10:6:56:35,47.5,100
36416035,10:6:56:35,47.5,100
36416049,10:6:56:49,47.5,47
36416391,10:6:56:391,47.49,100
36416391,10:6:56:391,47.49,10
36416391,10:6:56:391,47.49,100
36416391,10:6:56:391,47.49,90
36416391,10:6:56:391,47.49,100
36416391,10:6:56:391,47.49,112
36416391,10:6:56:391,47.49,100
36416391,10:6:56:391,47.49,100
36416391,10:6:56:391,47.49,100
36416391,10:6:56:391,47.49,100
36416391,10:6:56:391,47.49,1
36416391,10:6:56:391,47.49,100
36416416,10:6:56:416,47.49,100
36416449,10:6:56:449,47.49,51
36417191,10:6:57:191,47.48,200
36417250,10:6:57:250,47.49,8
36418288,10:6:58:288,47.49,192
36418288,10:6:58:288,47.49,8
36418350,10:6:58:350,47.49,9
36418791,10:6:58:791,47.48,100
36418851,10:6:58:851,47.49,5
36426825,10:7:6:825,47.49,118
36426856,10:7:6:856,47.49,6
36426857,10:7:6:857,47.49,4
36430124,10:7:10:124,47.49,100
36430125,10:7:10:125,47.49,296
36430125,10:7:10:125,47.49,60
36430125,10:7:10:125,47.49,200
36430125,10:7:10:125,47.49,80
36430125,10:7:10:125,47.49,10
36430125,10:7:10:125,47.49,94
36430125,10:7:10:125,47.49,10
36430125,10:7:10:125,47.49,6
36430158,10:7:10:158,47.5,31
36430259,10:7:10:259,47.5,100
36430358,10:7:10:358,47.51,4
36430553,10:7:10:553,47.5,100
36430557,10:7:10:557,47.5,100
36430559,10:7:10:559,47.49,5
36430659,10:7:10:659,47.49,5
36430792,10:7:10:792,47.49,100
36430796,10:7:10:796,47.49,100
36430859,10:7:10:859,47.5,10
36436045,10:7:16:45,47.49,148
36436062,10:7:16:62,47.5,7
36437937,10:7:17:937,47.5,100
36437963,10:7:17:963,47.5,5
36437964,10:7:17:964,47.5,79
36437965,10:7:17:965,47.5,9
36437965,10:7:17:965,47.5,100
36437965,10:7:17:965,47.5,21
36437992,10:7:17:992,47.5,100
36438064,10:7:18:64,47.5,10
36440227,10:7:20:227,47.5,69
36442208,10:7:22:208,47.5029,111
36442267,10:7:22:267,47.51,6
36446874,10:7:26:874,47.5038,158
36446970,10:7:26:970,47.51,8
36447592,10:7:27:592,47.5,100
36447670,10:7:27:670,47.51,5
36456219,10:7:36:219,47.5,38
36456219,10:7:36:219,47.5,100
36456219,10:7:36:219,47.5,300
36456219,10:7:36:219,47.5,100
36456219,10:7:36:219,47.5,200
36456219,10:7:36:219,47.5,200
36456260,10:7:36:260,47.5,100
36456261,10:7:36:261,47.5,100
36456261,10:7:36:261,47.5,100
36456261,10:7:36:261,47.5,100
36456263,10:7:36:263,47.5,100
36456263,10:7:36:263,47.5,100
36456276,10:7:36:276,47.5,78
36456393,10:7:36:393,47.49,200
36456476,10:7:36:476,47.5,7
36456572,10:7:36:572,47.5,100
36456576,10:7:36:576,47.5,5
36457192,10:7:37:192,47.49,52
36457192,10:7:37:192,47.49,48
36470081,10:7:50:81,47.495,100
36470085,10:7:50:85,47.5,5
36480808,10:8:0:808,47.495,100
36480892,10:8:0:892,47.5,5
36482844,10:8:2:844,47.49,100
36482894,10:8:2:894,47.5,5
36484666,10:8:4:666,47.5,100
36484695,10:8:4:695,47.5,5
36488300,10:8:8:300,47.5,100
36488389,10:8:8:389,47.495,100
36488398,10:8:8:398,47.5,10
36492842,10:8:12:842,47.495,2
36492842,10:8:12:842,47.49,98
36494684,10:8:14:684,47.5,100
36494684,10:8:14:684,47.5,14
36494684,10:8:14:684,47.5,10
36494685,10:8:14:685,47.5,6
36494702,10:8:14:702,47.5,5
36502840,10:8:22:840,47.49,100
36502908,10:8:22:908,47.5,5
36509445,10:8:29:445,47.4943,100
36514573,10:8:34:573,47.495,100
36514615,10:8:34:615,47.5,5
36522670,10:8:42:670,47.49,6
36532803,10:8:52:803,47.49,200
36532803,10:8:52:803,47.49,100
36532803,10:8:52:803,47.49,2
36532803,10:8:52:803,47.49,200
36532803,10:8:52:803,47.49,98
36532803,10:8:52:803,47.49,100
36532803,10:8:52:803,47.49,100
36532803,10:8:52:803,47.49,100
36532803,10:8:52:803,47.49,100
36532803,10:8:52:803,47.49,300
36532803,10:8:52:803,47.49,202
36532803,10:8:52:803,47.49,2
36532803,10:8:52:803,47.49,10
36532803,10:8:52:803,47.49,2
36532805,10:8:52:805,47.48,98
36532828,10:8:52:828,47.485,73
36532865,10:8:52:865,47.485,27
36532865,10:8:52:865,47.49,61
36532872,10:8:52:872,47.48,100
36532928,10:8:52:928,47.49,2
36533195,10:8:53:195,47.48,200
36533197,10:8:53:197,47.48,100
36533204,10:8:53:204,47.47,100
36533228,10:8:53:228,47.48,21
36533228,10:8:53:228,47.48,1
36537656,10:8:57:656,47.48,100
36537657,10:8:57:657,47.48,200
36537657,10:8:57:657,47.48,178
36537657,10:8:57:657,47.48,22
36537657,10:8:57:657,47.48,78
36537657,10:8:57:657,47.48,150
36537657,10:8:57:657,47.48,22
36537657,10:8:57:657,47.48,173
36537731,10:8:57:731,47.48,41
36537995,10:8:57:995,47.48,100
36538031,10:8:58:31,47.49,3
36538796,10:8:58:796,47.48,100
36538832,10:8:58:832,47.48,5
36557331,10:9:17:331,47.47,98
36557331,10:9:17:331,47.47,2
36557331,10:9:17:331,47.47,100
36557331,10:9:17:331,47.47,100
36557331,10:9:17:331,47.47,200
36557331,10:9:17:331,47.47,100
36557332,10:9:17:332,47.47,400
36557344,10:9:17:344,47.47,47
36557995,10:9:17:995,47.46,100
36558044,10:9:18:44,47.46,3
36558489,10:9:18:489,47.46,100
36558545,10:9:18:545,47.46,5
36558795,10:9:18:795,47.46,40
36558796,10:9:18:796,47.45,60
36562865,10:9:22:865,47.45,100
36562865,10:9:22:865,47.45,5
36562865,10:9:22:865,47.45,20
36562865,10:9:22:865,47.45,1
36562869,10:9:22:869,47.45,100
36562870,10:9:22:870,47.45,100
36562870,10:9:22:870,47.45,100
36562870,10:9:22:870,47.45,10
36562948,10:9:22:948,47.46,21
36563793,10:9:23:793,47.455,30
36570375,10:9:30:375,47.455,100
36570454,10:9:30:454,47.46,4
36570508,10:9:30:508,47.46,96
36570509,10:9:30:509,47.46,42
36570509,10:9:30:509,47.46,95
36570509,10:9:30:509,47.46,21
36570509,10:9:30:509,47.46,98
36570509,10:9:30:509,47.46,79
36570509,10:9:30:509,47.45,18
36570509,10:9:30:509,47.46,25
36570509,10:9:30:509,47.46,73
36570509,10:9:30:509,47.45,40
36570509,10:9:30:509,47.45,28
36570509,10:9:30:509,47.46,267
36570509,10:9:30:509,47.46,100
36570509,10:9:30:509,47.46,83
36570509,10:9:30:509,47.46,85
36570509,10:9:30:509,47.46,117
36570509,10:9:30:509,47.46,100
36570553,10:9:30:553,47.47,30
36570792,10:9:30:792,47.465,100
36570793,10:9:30:793,47.465,100
36570853,10:9:30:853,47.47,9
36572912,10:9:32:912,47.47,100
36572912,10:9:32:912,47.47,8
36572912,10:9:32:912,47.47,10
36572912,10:9:32:912,47.47,9
36572916,10:9:32:916,47.47,100
36572917,10:9:32:917,47.47,15
36572954,10:9:32:954,47.47,10
36575666,10:9:35:666,47.47,100
36575756,10:9:35:756,47.47,5
36580525,10:9:40:525,47.47,76
36580525,10:9:40:525,47.47,24
36581620,10:9:41:620,47.46,100
36581620,10:9:41:620,47.46,57
36581660,10:9:41:660,47.47,5
36581995,10:9:41:995,47.46,100
36582061,10:9:42:61,47.47,5
36582639,10:9:42:639,47.46,100
36582661,10:9:42:661,47.47,5
36597766,10:9:57:766,47.4692,100
36597772,10:9:57:772,47.47,5
36602619,10:10:2:619,47.465,500
36602619,10:10:2:619,47.47,95
36602620,10:10:2:620,47.47,34
36602675,10:10:2:675,47.47,26
36603044,10:10:3:44,47.46,100
36603047,10:10:3:47,47.46,100
36603075,10:10:3:75,47.47,9
36603850,10:10:3:850,47.46,62
36603851,10:10:3:851,47.465,3
36603851,10:10:3:851,47.46,97
36603851,10:10:3:851,47.46,3
36603852,10:10:3:852,47.46,138
36603876,10:10:3:876,47.46,7
36604058,10:10:4:58,47.46,20
36607742,10:10:7:742,47.46,100
36607779,10:10:7:779,47.47,5
36608011,10:10:8:11,47.45,100
36608013,10:10:8:13,47.45,100
36608079,10:10:8:79,47.47,10
36613396,10:10:13:396,47.46,100
36613396,10:10:13:396,47.46,61
36613396,10:10:13:396,47.46,7
36613396,10:10:13:396,47.46,100
36613482,10:10:13:482,47.47,10
36627647,10:10:27:647,47.47,200
36627648,10:10:27:648,47.47,100
36627648,10:10:27:648,47.46,31
36627692,10:10:27:692,47.47,15
36631840,10:10:31:840,47.465,100
36631895,10:10:31:895,47.47,5
36635779,10:10:35:779,47.47,3
36635779,10:10:35:779,47.47,97
36636583,10:10:36:583,47.47,95
36636586,10:10:36:586,47.47,3
36636586,10:10:36:586,47.47,2
36642842,10:10:42:842,47.465,85
36652847,10:10:52:847,47.465,15
36652847,10:10:52:847,47.46,85
36670635,10:11:10:635,47.47,1
36671772,10:11:11:772,47.465,20
36672542,10:11:12:542,47.47,99
36672542,10:11:12:542,47.465,5
36672545,10:11:12:545,47.47,96
36692840,10:11:32:840,47.46,15
36692840,10:11:32:840,47.46,85
36723592,10:12:3:592,47.465,2
36725938,10:12:5:938,47.465,30
36728458,10:12:8:458,47.465,100
36728462,10:12:8:462,47.47,5
36736882,10:12:16:882,47.47,95
36736884,10:12:16:884,47.47,5
36736884,10:12:16:884,47.47,100
36736885,10:12:16:885,47.47,100
36736885,10:12:16:885,47.47,100
36736885,10:12:16:885,47.47,50
36736887,10:12:16:887,47.47,62
36736887,10:12:16:887,47.47,50
36736887,10:12:16:887,47.47,41
36736888,10:12:16:888,47.47,38
36736891,10:12:16:891,47.47,100
36736891,10:12:16:891,47.47,82
36736891,10:12:16:891,47.47,100
36736891,10:12:16:891,47.47,2
36736891,10:12:16:891,47.47,16
36736891,10:12:16:891,47.47,100
36736891,10:12:16:891,47.47,11
36736891,10:12:16:891,47.47,54
36736891,10:12:16:891,47.47,6
36736891,10:12:16:891,47.47,5
36736891,10:12:16:891,47.47,2
36736891,10:12:16:891,47.47,2
36736891,10:12:16:891,47.47,2
36736891,10:12:16:891,47.47,2
36736891,10:12:16:891,47.47,2
36736891,10:12:16:891,47.47,2
36736891,10:12:16:891,47.47,2
36736891,10:12:16:891,47.47,2
36736891,10:12:16:891,47.47,2
36736892,10:12:16:892,47.48,100
36736892,10:12:16:892,47.48,100
36736892,10:12:16:892,47.48,100
36736892,10:12:16:892,47.48,100
36736892,10:12:16:892,47.48,100
36736933,10:12:16:933,47.48,100
36736934,10:12:16:934,47.48,1
36736934,10:12:16:934,47.48,200
36736942,10:12:16:942,47.48,100
36737068,10:12:17:68,47.49,79
36743285,10:12:23:285,47.49,2
36744271,10:12:24:271,47.49,100
36744271,10:12:24:271,47.49,200
36744271,10:12:24:271,47.49,166
36744273,10:12:24:273,47.5,20
36744444,10:12:24:444,47.5,100
36744473,10:12:24:473,47.5,4
36744677,10:12:24:677,47.5,100
36744677,10:12:24:677,47.5,100
36744678,10:12:24:678,47.5,100
36744678,10:12:24:678,47.5,1
36744679,10:12:24:679,47.5,95
36744681,10:12:24:681,47.5,78
36744681,10:12:24:681,47.5,78
36744759,10:12:24:759,47.5,100
36744773,10:12:24:773,47.505,16
36744873,10:12:24:873,47.505,4
36744967,10:12:24:967,47.505,100
36744973,10:12:24:973,47.505,5
36745300,10:12:25:300,47.5,200
36745300,10:12:25:300,47.5,100
36745300,10:12:25:300,47.5,100
36745300,10:12:25:300,47.5,100
36745300,10:12:25:300,47.5,100
36745300,10:12:25:300,47.5,100
36745374,10:12:25:374,47.5,37
36763779,10:12:43:779,47.49,100
36763779,10:12:43:779,47.49,34
36763779,10:12:43:779,47.49,100
36763779,10:12:43:779,47.49,66
36763779,10:12:43:779,47.49,100
36763779,10:12:43:779,47.49,100
36763779,10:12:43:779,47.49,42
36763779,10:12:43:779,47.49,58
36763779,10:12:43:779,47.49,100
36763780,10:12:43:780,47.48,100
36763780,10:12:43:780,47.48,100
36763780,10:12:43:780,47.48,300
36763782,10:12:43:782,47.475,100
36763786,10:12:43:786,47.475,56
36763788,10:12:43:788,47.475,48
36763821,10:12:43:821,47.475,44
36763821,10:12:43:821,47.48,156
36763821,10:12:43:821,47.48,144
36763823,10:12:43:823,47.48,56
36763823,10:12:43:823,47.48,44
36763886,10:12:43:886,47.49,13
36764557,10:12:44:557,47.48,100
36764557,10:12:44:557,47.48,79
36764557,10:12:44:557,47.48,10
36764557,10:12:44:557,47.48,10
36764557,10:12:44:557,47.48,100
36764557,10:12:44:557,47.48,1
36764587,10:12:44:587,47.48,9
36766888,10:12:46:888,47.48,100
36766988,10:12:46:988,47.48,5
36773241,10:12:53:241,47.47,200
36773293,10:12:53:293,47.48,10
36785036,10:13:5:36,47.47,100
36785101,10:13:5:101,47.47,5
36788014,10:13:8:14,47.47,100
36788015,10:13:8:15,47.47,95
36788015,10:13:8:15,47.47,5
36788103,10:13:8:103,47.47,5
36788180,10:13:8:180,47.47,190
36788203,10:13:8:203,47.48,10
36789511,10:13:9:511,47.48,100
36789513,10:13:9:513,47.48,81
36789604,10:13:9:604,47.48,5
36812848,10:13:32:848,47.475,100
36812919,10:13:32:919,47.48,5
36819499,10:13:39:499,47.48,95
36819499,10:13:39:499,47.48,5
36835564,10:13:55:564,47.47,100
36835564,10:13:55:564,47.47,300
36835564,10:13:55:564,47.47,100
36835564,10:13:55:564,47.47,200
36835564,10:13:55:564,47.47,100
36835564,10:13:55:564,47.47,110
36835564,10:13:55:564,47.47,100
36835564,10:13:55:564,47.47,100
36835569,10:13:55:569,47.475,100
36835635,10:13:55:635,47.465,63
36836113,10:13:56:113,47.46,200
36836135,10:13:56:135,47.465,7
36839102,10:13:59:102,47.46,193
36839102,10:13:59:102,47.46,100
36839102,10:13:59:102,47.46,7
36839102,10:13:59:102,47.46,100
36839102,10:13:59:102,47.46,100
36839102,10:13:59:102,47.46,7
36839102,10:13:59:102,47.46,100
36839104,10:13:59:104,47.46,78
36839136,10:13:59:136,47.455,100
36839136,10:13:59:136,47.46,100
36839137,10:13:59:137,47.46,31
36839148,10:13:59:148,47.46,69
36839148,10:13:59:148,47.46,100
36839148,10:13:59:148,47.46,31
36839237,10:13:59:237,47.47,14
36843585,10:14:3:585,47.455,100
36843585,10:14:3:585,47.455,100
36843640,10:14:3:640,47.46,10
36843926,10:14:3:926,47.455,20
36844802,10:14:4:802,47.46,1
36846928,10:14:6:928,47.46,100
36846928,10:14:6:928,47.46,100
36846928,10:14:6:928,47.46,100
36846929,10:14:6:929,47.46,100
36846929,10:14:6:929,47.46,200
36846929,10:14:6:929,47.46,99
36846929,10:14:6:929,47.46,295
36846929,10:14:6:929,47.455,400
36846942,10:14:6:942,47.47,68
36847430,10:14:7:430,47.47,232
36847430,10:14:7:430,47.47,1
36847431,10:14:7:431,47.47,100
36847431,10:14:7:431,47.47,100
36847433,10:14:7:433,47.47,200
36847543,10:14:7:543,47.48,29
36851006,10:14:11:6,47.475,32
36852818,10:14:12:818,47.475,68
36852820,10:14:12:820,47.475,32
36869505,10:14:29:505,47.47,100
36869505,10:14:29:505,47.47,100
36869505,10:14:29:505,47.47,100
36869505,10:14:29:505,47.47,100
36869505,10:14:29:505,47.47,100
36869505,10:14:29:505,47.47,100
36869506,10:14:29:506,47.47,2
36869557,10:14:29:557,47.465,30
36874600,10:14:34:600,47.465,4
36874957,10:14:34:957,47.46,300
36874957,10:14:34:957,47.46,200
36874957,10:14:34:957,47.46,2
36874957,10:14:34:957,47.46,98
36874957,10:14:34:957,47.46,2
36874961,10:14:34:961,47.455,25
36882380,10:14:42:380,47.46,100
36882466,10:14:42:466,47.46,4
36882500,10:14:42:500,47.455,100
36882500,10:14:42:500,47.45,297
36882566,10:14:42:566,47.46,21
36882865,10:14:42:865,47.455,2
36882865,10:14:42:865,47.45,98
36882883,10:14:42:883,47.45,102
36882883,10:14:42:883,47.45,98
36882883,10:14:42:883,47.45,202
36882883,10:14:42:883,47.45,100
36882883,10:14:42:883,47.45,100
36882966,10:14:42:966,47.45,25
36882981,10:14:42:981,47.45,100
36883067,10:14:43:67,47.46,4
36884425,10:14:44:425,47.45,200
36884425,10:14:44:425,47.45,100
36884425,10:14:44:425,47.45,100
36884425,10:14:44:425,47.45,100
36884427,10:14:44:427,47.45,200
36884428,10:14:44:428,47.45,100
36884468,10:14:44:468,47.45,42
36884790,10:14:44:790,47.45,100
36884790,10:14:44:790,47.45,100
36884790,10:14:44:790,47.45,16
36884791,10:14:44:791,47.45,42
36884868,10:14:44:868,47.46,8
36892882,10:14:52:882,47.45,100
36892973,10:14:52:973,47.46,5
36902559,10:15:2:559,47.46,70
36907648,10:15:7:648,47.455,100
36907683,10:15:7:683,47.46,5
36911878,10:15:11:878,47.455,20
36913455,10:15:13:455,47.4559,164
36913487,10:15:13:487,47.46,9
36914326,10:15:14:326,47.4553,25
36921321,10:15:21:321,47.45,100
36921321,10:15:21:321,47.45,300
36921321,10:15:21:321,47.45,100
36921321,10:15:21:321,47.45,100
36921321,10:15:21:321,47.45,200
36921393,10:15:21:393,47.45,41
36922880,10:15:22:880,47.44,1
36922880,10:15:22:880,47.44,100
36922880,10:15:22:880,47.44,12
36922893,10:15:22:893,47.44,3
36922916,10:15:22:916,47.44,24
36932863,10:15:32:863,47.43,100
36932900,10:15:32:900,47.43,5
36938140,10:15:38:140,47.4299,85
36938774,10:15:38:774,47.43,5
36956769,10:15:56:769,47.425,100
36956769,10:15:56:769,47.43,100
36956769,10:15:56:769,47.43,100
36956769,10:15:56:769,47.43,95
36956817,10:15:56:817,47.43,16
36962844,10:16:2:844,47.425,100
36962921,10:16:2:921,47.43,4
36973301,10:16:13:301,47.43,38
36984955,10:16:24:955,47.43,100
36984955,10:16:24:955,47.43,100
36985035,10:16:25:35,47.43,11
36992840,10:16:32:840,47.425,3
36992840,10:16:32:840,47.425,97
36993882,10:16:33:882,47.43,100
36993882,10:16:33:882,47.43,100
36993882,10:16:33:882,47.43,100
36993882,10:16:33:882,47.43,100
36993882,10:16:33:882,47.43,89
36993882,10:16:33:882,47.43,100
36993882,10:16:33:882,47.43,109
36993882,10:16:33:882,47.43,1
36993883,10:16:33:883,47.43,2
36993883,10:16:33:883,47.43,3
36993883,10:16:33:883,47.43,1
36993883,10:16:33:883,47.43,2
36993883,10:16:33:883,47.43,1
36993884,10:16:33:884,47.435,100
36993941,10:16:33:941,47.44,36
37004784,10:16:44:784,47.435,5
37026075,10:17:6:75,47.435,100
37026076,10:17:6:76,47.435,100
37026162,10:17:6:162,47.435,9
37027828,10:17:7:828,47.44,100
37027863,10:17:7:863,47.44,5
37030201,10:17:10:201,47.4329,200
37030265,10:17:10:265,47.44,10
37031358,10:17:11:358,47.43,100
37031366,10:17:11:366,47.44,5
37032864,10:17:12:864,47.43,100
37032865,10:17:12:865,47.43,100
37032865,10:17:12:865,47.43,47
37032865,10:17:12:865,47.43,100
37032865,10:17:12:865,47.43,53
37032865,10:17:12:865,47.43,47
37032865,10:17:12:865,47.43,100
37032865,10:17:12:865,47.43,100
37032866,10:17:12:866,47.42,100
37032866,10:17:12:866,47.42,400
37032867,10:17:12:867,47.42,197
37032867,10:17:12:867,47.42,100
37032867,10:17:12:867,47.43,26
37032867,10:17:12:867,47.42,164
37032967,10:17:12:967,47.42,49
37033220,10:17:13:220,47.42,8
37033221,10:17:13:221,47.42,100
37033221,10:17:13:221,47.42,10
37033221,10:17:13:221,47.42,10
37033225,10:17:13:225,47.41,272
37033247,10:17:13:247,47.41,7
37033267,10:17:13:267,47.42,17
37039013,10:17:19:13,47.41,400
37039071,10:17:19:71,47.42,20
37048012,10:17:28:12,47.41,100
37048077,10:17:28:77,47.41,5
37049078,10:17:29:78,47.41,95
37049078,10:17:29:78,47.41,5
37056221,10:17:36:221,47.41,95
37056221,10:17:36:221,47.41,100
37056221,10:17:36:221,47.41,5
37056221,10:17:36:221,47.41,95
37056221,10:17:36:221,47.41,5
37056221,10:17:36:221,47.41,95
37056222,10:17:36:222,47.41,78
37056222,10:17:36:222,47.41,22
37056222,10:17:36:222,47.41,83
37056384,10:17:36:384,47.42,5
37056392,10:17:36:392,47.415,100
37056396,10:17:36:396,47.415,100
37056484,10:17:36:484,47.42,10
37077300,10:17:57:300,47.42,73
37077300,10:17:57:300,47.42,200
37077300,10:17:57:300,47.42,100
37077300,10:17:57:300,47.42,100
37077300,10:17:57:300,47.42,100
37077300,10:17:57:300,47.42,100
37077300,10:17:57:300,47.42,100
37077300,10:17:57:300,47.42,100
37077300,10:17:57:300,47.42,300
37077300,10:17:57:300,47.42,22
37077300,10:17:57:300,47.42,100
37077300,10:17:57:300,47.42,54
37077300,10:17:57:300,47.42,11
37077300,10:17:57:300,47.42,1
37077303,10:17:57:303,47.43,100
37077344,10:17:57:344,47.44,100
37077397,10:17:57:397,47.46,73
37077860,10:17:57:860,47.455,100
37077871,10:17:57:871,47.46,100
37077876,10:17:57:876,47.46,100
37077897,10:17:57:897,47.46,12
37082049,10:18:2:49,47.46,88
37082049,10:18:2:49,47.46,1
37082049,10:18:2:49,47.46,35
37082384,10:18:2:384,47.47,100
37082384,10:18:2:384,47.47,26
37082384,10:18:2:384,47.47,74
37082400,10:18:2:400,47.48,5
37082474,10:18:2:474,47.48,95
37082476,10:18:2:476,47.48,5
37083474,10:18:3:474,47.48,100
37083474,10:18:3:474,47.48,11
37083474,10:18:3:474,47.48,89
37083475,10:18:3:475,47.48,100
37083475,10:18:3:475,47.48,95
37083475,10:18:3:475,47.48,100
37083501,10:18:3:501,47.48,15
37084245,10:18:4:245,47.48,1
37105055,10:18:25:55,47.49,100
37105056,10:18:25:56,47.49,100
37105056,10:18:25:56,47.49,100
37105066,10:18:25:66,47.51,100
37105116,10:18:25:116,47.51,20
37118387,10:18:38:387,47.505,100
37118425,10:18:38:425,47.51,5
37118432,10:18:38:432,47.51,100
37118432,10:18:38:432,47.51,10
37118433,10:18:38:433,47.51,2
37118433,10:18:38:433,47.51,1
37118525,10:18:38:525,47.515,5
37123524,10:18:43:524,47.52,100
37123526,10:18:43:526,47.52,100
37123527,10:18:43:527,47.52,100
37123527,10:18:43:527,47.52,12
37123527,10:18:43:527,47.52,2
37123628,10:18:43:628,47.53,15
37132255,10:18:52:255,47.5399,4
37177562,10:19:37:562,47.525,100
37177564,10:19:37:564,47.54,5
37178095,10:19:38:95,47.53,2
37178237,10:19:38:237,47.54,10
37182295,10:19:42:295,47.51,9
37203662,10:20:3:662,47.53,2
37211176,10:20:11:176,47.52,100
37211176,10:20:11:176,47.52,66
37211177,10:20:11:177,47.52,100
37211177,10:20:11:177,47.52,34
37211177,10:20:11:177,47.52,100
37211177,10:20:11:177,47.52,62
37211177,10:20:11:177,47.52,38
37211177,10:20:11:177,47.52,100
37211188,10:20:11:188,47.515,20
37212209,10:20:12:209,47.52,100
37212289,10:20:12:289,47.52,5
37239209,10:20:39:209,47.51,100
37239308,10:20:39:308,47.52,5
37246874,10:20:46:874,47.51,100
37246875,10:20:46:875,47.51,86
37246875,10:20:46:875,47.51,100
37246875,10:20:46:875,47.51,100
37246875,10:20:46:875,47.51,10
37246875,10:20:46:875,47.51,4
37246875,10:20:46:875,47.51,100
37246875,10:20:46:875,47.51,72
37246875,10:20:46:875,47.51,28
37246913,10:20:46:913,47.51,20
37251952,10:20:51:952,47.5,100
37252017,10:20:52:17,47.51,5
37252850,10:20:52:850,47.5,100
37252851,10:20:52:851,47.5,100
37252851,10:20:52:851,47.5,99
37252852,10:20:52:852,47.5,100
37252852,10:20:52:852,47.5,1
37252852,10:20:52:852,47.5,1
37252918,10:20:52:918,47.5,15
37252948,10:20:52:948,47.49,80
37257003,10:20:57:3,47.49,100
37257020,10:20:57:20,47.495,5
37257021,10:20:57:21,47.49,100
37257120,10:20:57:120,47.495,5
37262495,10:21:2:495,47.5,10
37268298,10:21:8:298,47.499,2
37279082,10:21:19:82,47.49,2
37282853,10:21:22:853,47.49,80
37282853,10:21:22:853,47.49,100
37282939,10:21:22:939,47.49,5
37292849,10:21:32:849,47.48,100
37292853,10:21:32:853,47.48,100
37292946,10:21:32:946,47.48,10
37292946,10:21:32:946,47.48,1
37298039,10:21:38:39,47.4623,100
37305091,10:21:45:91,47.48,100
37305091,10:21:45:91,47.48,5
37305091,10:21:45:91,47.48,195
37305154,10:21:45:154,47.48,15
37306584,10:21:46:584,47.48,100
37306584,10:21:46:584,47.48,100
37306584,10:21:46:584,47.48,100
37306584,10:21:46:584,47.48,100
37306584,10:21:46:584,47.48,100
37306584,10:21:46:584,47.48,6
37306587,10:21:46:587,47.485,100
37306587,10:21:46:587,47.49,100
37306587,10:21:46:587,47.49,200
37306587,10:21:46:587,47.49,100
37306587,10:21:46:587,47.49,300
37306587,10:21:46:587,47.49,400
37306587,10:21:46:587,47.49,100
37306587,10:21:46:587,47.49,100
37306611,10:21:46:611,47.5,4
37306633,10:21:46:633,47.49,100
37306635,10:21:46:635,47.5,100
37306635,10:21:46:635,47.5,110
37306635,10:21:46:635,47.5,90
37306656,10:21:46:656,47.52,100
37306656,10:21:46:656,47.52,15
37306658,10:21:46:658,47.52,85
37306658,10:21:46:658,47.52,15
37308142,10:21:48:142,47.4901,100
37308157,10:21:48:157,47.52,5
37320083,10:22:0:83,47.52,100
37320165,10:22:0:165,47.52,5
37320165,10:22:0:165,47.52,95
37320165,10:22:0:165,47.52,100
37320165,10:22:0:165,47.52,200
37320165,10:22:0:165,47.52,100
37320165,10:22:0:165,47.52,100
37320165,10:22:0:165,47.52,3
37320265,10:22:0:265,47.53,26
37330003,10:22:10:3,47.53,1
37343584,10:22:23:584,47.52,2
37356913,10:22:36:913,47.52,98
37356913,10:22:36:913,47.52,100
37356913,10:22:36:913,47.52,100
37356913,10:22:36:913,47.52,100
37356934,10:22:36:934,47.52,100
37356992,10:22:36:992,47.53,20
37356992,10:22:36:992,47.53,53
37358669,10:22:38:669,47.52,23
37358669,10:22:38:669,47.52,43
37358840,10:22:38:840,47.525,15
37379880,10:22:59:880,47.53,10
37380656,10:23:0:656,47.52,10
37402850,10:23:22:850,47.52,57
37402850,10:23:22:850,47.52,43
37408594,10:23:28:594,47.53,100
37408594,10:23:28:594,47.53,100
37408594,10:23:28:594,47.53,100
37408594,10:23:28:594,47.53,200
37408595,10:23:28:595,47.53,100
37408595,10:23:28:595,47.53,2
37408596,10:23:28:596,47.54,132
37408596,10:23:28:596,47.54,100
37408596,10:23:28:596,47.53,80
37408596,10:23:28:596,47.53,200
37408596,10:23:28:596,47.53,100
37408596,10:23:28:596,47.53,100
37408596,10:23:28:596,47.53,10
37408596,10:23:28:596,47.53,10
37408599,10:23:28:599,47.54,100
37408600,10:23:28:600,47.54,100
37408602,10:23:28:602,47.53,100
37408628,10:23:28:628,47.54,79
37412388,10:23:32:388,47.54,20
37432792,10:23:52:792,47.54,1
37433797,10:23:53:797,47.5201,100
37433798,10:23:53:798,47.52,200
37433799,10:23:53:799,47.52,100
37433799,10:23:53:799,47.52,100
37433799,10:23:53:799,47.52,190
37433799,10:23:53:799,47.52,100
37433799,10:23:53:799,47.52,100
37433799,10:23:53:799,47.52,100
37433799,10:23:53:799,47.52,100
37433801,10:23:53:801,47.51,200
37433801,10:23:53:801,47.51,100
37433802,10:23:53:802,47.52,152
37433845,10:23:53:845,47.51,77
37443367,10:24:3:367,47.5,100
37443368,10:24:3:368,47.5,100
37443452,10:24:3:452,47.51,7
37444194,10:24:4:194,47.5,10
37444194,10:24:4:194,47.5,10
37444194,10:24:4:194,47.5,10
37444195,10:24:4:195,47.5,2
37448278,10:24:8:278,47.495,10
37469609,10:24:29:609,47.495,100
37469670,10:24:29:670,47.5,4
37472850,10:24:32:850,47.49,100
37472850,10:24:32:850,47.49,100
37472851,10:24:32:851,47.49,100
37472872,10:24:32:872,47.49,16
37480796,10:24:40:796,47.49,5
37483275,10:24:43:275,47.49,42
37502677,10:25:2:677,47.49,91
37503442,10:25:3:442,47.485,100
37503442,10:25:3:442,47.485,100
37503492,10:25:3:492,47.49,10
37510288,10:25:10:288,47.49,18
37510289,10:25:10:289,47.49,52
37511494,10:25:11:494,47.49,474
37511494,10:25:11:494,47.49,100
37511494,10:25:11:494,47.49,100
37511494,10:25:11:494,47.49,30
37511494,10:25:11:494,47.49,200
37511494,10:25:11:494,47.49,56
37511494,10:25:11:494,47.49,100
37511494,10:25:11:494,47.49,44
37511494,10:25:11:494,47.49,56
37511494,10:25:11:494,47.49,100
37511494,10:25:11:494,47.49,1
37511494,10:25:11:494,47.49,100
37511494,10:25:11:494,47.49,100
37511494,10:25:11:494,47.49,99
37511494,10:25:11:494,47.49,1
37511495,10:25:11:495,47.5,100
37511495,10:25:11:495,47.5,100
37511497,10:25:11:497,47.5,100
37511498,10:25:11:498,47.51,77
37511598,10:25:11:598,47.51,1
37511631,10:25:11:631,47.51,100
37511698,10:25:11:698,47.51,5
37531313,10:25:31:313,47.52,100
37531313,10:25:31:313,47.52,200
37531313,10:25:31:313,47.52,100
37531353,10:25:31:353,47.53,100
37531412,10:25:31:412,47.53,26
37558964,10:25:58:964,47.53,100
37558964,10:25:58:964,47.53,100
37559030,10:25:59:30,47.55,9
37568000,10:26:8:0,47.542,7
37568276,10:26:8:276,47.545,100
37568276,10:26:8:276,47.545,41
37568336,10:26:8:336,47.545,5
37586309,10:26:26:309,47.545,38
37600109,10:26:40:109,47.545,6200
37600157,10:26:40:157,47.55,326
37600160,10:26:40:160,47.55,65
37600209,10:26:40:209,47.55,100
37600212,10:26:40:212,47.56,200
37600257,10:26:40:257,47.57,16
37600489,10:26:40:489,47.56,100
37600491,10:26:40:491,47.56,100
37600492,10:26:40:492,47.56,200
37600557,10:26:40:557,47.57,20
37601471,10:26:41:471,47.56,100
37601471,10:26:41:471,47.565,2
37601471,10:26:41:471,47.56,1200
37601471,10:26:41:471,47.56,98
37601471,10:26:41:471,47.56,2
37601471,10:26:41:471,47.56,100
37601471,10:26:41:471,47.56,100
37601472,10:26:41:472,47.56,100
37601558,10:26:41:558,47.56,83
37602168,10:26:42:168,47.55,2
37602168,10:26:42:168,47.55,10
37602172,10:26:42:172,47.54,88
37602172,10:26:42:172,47.54,100
37602172,10:26:42:172,47.54,100
37602172,10:26:42:172,47.54,88
37602172,10:26:42:172,47.54,12
37602172,10:26:42:172,47.54,12
37602172,10:26:42:172,47.54,100
37602258,10:26:42:258,47.54,12
37607259,10:26:47:259,47.54,88
37607260,10:26:47:260,47.54,12
37611602,10:26:51:602,47.535,100
37611665,10:26:51:665,47.54,4
37617915,10:26:57:915,47.5399,19
37642841,10:27:22:841,47.53,100
37642859,10:27:22:859,47.53,100
37642859,10:27:22:859,47.53,100
37642859,10:27:22:859,47.53,102
37642887,10:27:22:887,47.53,21
37652895,10:27:32:895,47.53,35
37652895,10:27:32:895,47.53,65
37652895,10:27:32:895,47.53,27
37652895,10:27:32:895,47.53,273
37652895,10:27:32:895,47.53,9
37652895,10:27:32:895,47.53,91
37652895,10:27:32:895,47.53,100
37652993,10:27:32:993,47.54,19
37652993,10:27:32:993,47.54,200
37652993,10:27:32:993,47.54,81
37652994,10:27:32:994,47.54,100
37652994,10:27:32:994,47.54,184
37652994,10:27:32:994,47.54,31
37652994,10:27:32:994,47.54,300
37652994,10:27:32:994,47.54,200
37652995,10:27:32:995,47.55,100
37652995,10:27:32:995,47.55,100
37652995,10:27:32:995,47.55,100
37653000,10:27:33:0,47.555,100
37653000,10:27:33:0,47.555,100
37653004,10:27:33:4,47.55,100
37653025,10:27:33:25,47.54,9
37653094,10:27:33:94,47.56,82
37653128,10:27:33:128,47.5401,600
37653130,10:27:33:130,47.54,200
37653193,10:27:33:193,47.55,38
37653607,10:27:33:607,47.546,100
37653612,10:27:33:612,47.546,100
37653696,10:27:33:696,47.55,9
37682975,10:28:2:975,47.535,32
37692851,10:28:12:851,47.535,2
37692851,10:28:12:851,47.53,100
37692851,10:28:12:851,47.53,2
37692852,10:28:12:852,47.53,7
37692921,10:28:12:921,47.53,4
37700672,10:28:20:672,47.53,100
37700672,10:28:20:672,47.53,89
37700673,10:28:20:673,47.53,100
37700673,10:28:20:673,47.53,100
37700677,10:28:20:677,47.54,100
37700677,10:28:20:677,47.54,100
37700727,10:28:20:727,47.55,27
37700728,10:28:20:728,47.55,8
37700728,10:28:20:728,47.55,9
37700728,10:28:20:728,47.55,65
37700728,10:28:20:728,47.55,91
37701499,10:28:21:499,47.57,100
37701528,10:28:21:528,47.58,3
37708316,10:28:28:316,47.55,32
37716063,10:28:36:63,47.57,100
37716138,10:28:36:138,47.58,5
37720805,10:28:40:805,47.56,100
37720805,10:28:40:805,47.56,100
37720841,10:28:40:841,47.57,11
37726404,10:28:46:404,47.56,100
37726404,10:28:46:404,47.56,100
37726404,10:28:46:404,47.56,100
37726423,10:28:46:423,47.56,64
37726444,10:28:46:444,47.58,15
37728108,10:28:48:108,47.56,1000
37728146,10:28:48:146,47.58,51
37728146,10:28:48:146,47.57,1
37731160,10:28:51:160,47.56,600
37731248,10:28:51:248,47.58,29
37731538,10:28:51:538,47.57,100
37731539,10:28:51:539,47.57,100
37731548,10:28:51:548,47.57,9
37733520,10:28:53:520,47.56,100
37733521,10:28:53:521,47.56,55
37733521,10:28:53:521,47.56,10
37733549,10:28:53:549,47.58,4
37734785,10:28:54:785,47.56,100
37734850,10:28:54:850,47.58,5
37736410,10:28:56:410,47.56,15
37736410,10:28:56:410,47.56,85
37741621,10:29:1:621,47.55,100
37741621,10:29:1:621,47.56,15
37741623,10:29:1:623,47.56,45
37741623,10:29:1:623,47.55,174
37741624,10:29:1:624,47.55,81
37741655,10:29:1:655,47.57,15
37742281,10:29:2:281,47.55,19
37742281,10:29:2:281,47.54,81
37745576,10:29:5:576,47.53,100
37745658,10:29:5:658,47.55,4
37759061,10:29:19:61,47.54,2111
37759067,10:29:19:67,47.54,100
37759067,10:29:19:67,47.54,11
37759067,10:29:19:67,47.54,89
37759067,10:29:19:67,47.54,100
37759067,10:29:19:67,47.54,100
37759168,10:29:19:168,47.55,10
37759168,10:29:19:168,47.55,90
37759168,10:29:19:168,47.55,100
37759168,10:29:19:168,47.55,100
37759168,10:29:19:168,47.55,100
37759168,10:29:19:168,47.55,300
37759168,10:29:19:168,47.55,200
37759168,10:29:19:168,47.55,100
37759174,10:29:19:174,47.555,100
37759174,10:29:19:174,47.555,100
37759174,10:29:19:174,47.56,100
37759175,10:29:19:175,47.555,100
37759175,10:29:19:175,47.56,100
37759175,10:29:19:175,47.56,100
37759175,10:29:19:175,47.56,100
37759175,10:29:19:175,47.56,100
37759175,10:29:19:175,47.56,100
37759176,10:29:19:176,47.56,100
37759176,10:29:19:176,47.56,100
37759267,10:29:19:267,47.56,105
37769520,10:29:29:520,47.54,95
37769527,10:29:29:527,47.54,100
37769575,10:29:29:575,47.57,5
37772857,10:29:32:857,47.58,100
37772877,10:29:32:877,47.58,5
37779269,10:29:39:269,47.58,100
37779281,10:29:39:281,47.58,5
37782906,10:29:42:906,47.57,100
37782984,10:29:42:984,47.57,5
37792700,10:29:52:700,47.5348,100
37802844,10:30:2:844,47.56,100
37802845,10:30:2:845,47.56,66
37802845,10:30:2:845,47.56,100
37802845,10:30:2:845,47.56,34
37802845,10:30:2:845,47.56,100
37802845,10:30:2:845,47.56,100
37802845,10:30:2:845,47.56,66
37802845,10:30:2:845,47.56,34
37802845,10:30:2:845,47.565,100
37802845,10:30:2:845,47.56,102
37802845,10:30:2:845,47.56,102
37802845,10:30:2:845,47.56,100
37802851,10:30:2:851,47.55,85
37802853,10:30:2:853,47.56,100
37802897,10:30:2:897,47.56,47
37802898,10:30:2:898,47.56,53
37802898,10:30:2:898,47.56,100
37802997,10:30:2:997,47.57,3
37805282,10:30:5:282,47.57,100
37805282,10:30:5:282,47.57,100
37805282,10:30:5:282,47.57,100
37805299,10:30:5:299,47.58,16
37805321,10:30:5:321,47.56,100
37805399,10:30:5:399,47.58,4
37820026,10:30:20:26,47.5617,100
37826149,10:30:26:149,47.57,100
37826215,10:30:26:215,47.58,5
37826215,10:30:26:215,47.58,100
37826314,10:30:26:314,47.59,5
37835676,10:30:35:676,47.6,100
37835720,10:30:35:720,47.61,5
37869802,10:31:9:802,47.595,28
37876166,10:31:16:166,47.6,1
37880670,10:31:20:670,47.59,100
37880673,10:31:20:673,47.5901,390
37880674,10:31:20:674,47.5901,200
37880675,10:31:20:675,47.59,97
37880675,10:31:20:675,47.59,100
37880676,10:31:20:676,47.59,3
37880676,10:31:20:676,47.59,3
37880755,10:31:20:755,47.6,41
37908463,10:31:48:463,47.589,100
37922843,10:32:2:843,47.59,100
37922883,10:32:2:883,47.6,4
37947540,10:32:27:540,47.6,100
37947540,10:32:27:540,47.6,200
37947540,10:32:27:540,47.6,100
37947541,10:32:27:541,47.6,100
37947541,10:32:27:541,47.595,53
37947541,10:32:27:541,47.6,47
37947541,10:32:27:541,47.6,53
37947541,10:32:27:541,47.6,53
37947541,10:32:27:541,47.6,100
37947541,10:32:27:541,47.6,16
37947541,10:32:27:541,47.6,100
37947541,10:32:27:541,47.6,31
37947542,10:32:27:542,47.6,100
37947542,10:32:27:542,47.6,37
37947546,10:32:27:546,47.6,100
37947553,10:32:27:553,47.6,100
37947600,10:32:27:600,47.6,52
37947609,10:32:27:609,47.6,100
37947700,10:32:27:700,47.61,3
37950728,10:32:30:728,47.6,1
37950749,10:32:30:749,47.6,4
37956383,10:32:36:383,47.6,100
37956406,10:32:36:406,47.6,5
37960015,10:32:40:15,47.59,100
37960015,10:32:40:15,47.59,100
37960015,10:32:40:15,47.59,3
37960109,10:32:40:109,47.59,10
37979021,10:32:59:21,47.59,100
37979121,10:32:59:121,47.59,5
37983698,10:33:3:698,47.59,95
37983698,10:33:3:698,47.59,100
37983698,10:33:3:698,47.59,85
37983698,10:33:3:698,47.59,15
37983698,10:33:3:698,47.59,1
37983724,10:33:3:724,47.6,5
37985012,10:33:5:12,47.59,100
37985012,10:33:5:12,47.59,500
37985012,10:33:5:12,47.59,100
37985012,10:33:5:12,47.59,80
37985025,10:33:5:25,47.59,36
37985113,10:33:5:113,47.59,64
37987387,10:33:7:387,47.585,13
38004062,10:33:24:62,47.59,100
38004062,10:33:24:62,47.59,100
38004062,10:33:24:62,47.59,100
38004138,10:33:24:138,47.6,14
38011158,10:33:31:158,47.6,41
38021013,10:33:41:13,47.6,19
38021013,10:33:41:13,47.6,200
38021013,10:33:41:13,47.6,181
38021013,10:33:41:13,47.6,196
38021013,10:33:41:13,47.6,95
38021013,10:33:41:13,47.6,7
38021013,10:33:41:13,47.6,100
38021014,10:33:41:14,47.6,100
38021014,10:33:41:14,47.6,6
38021014,10:33:41:14,47.6,100
38021014,10:33:41:14,47.6,94
38021014,10:33:41:14,47.6,100
38021014,10:33:41:14,47.6,100
38021014,10:33:41:14,47.6,100
38021015,10:33:41:15,47.6,80
38021015,10:33:41:15,47.6,100
38021015,10:33:41:15,47.6,100
38021015,10:33:41:15,47.6,93
38021015,10:33:41:15,47.6,100
38021015,10:33:41:15,47.6,100
38021015,10:33:41:15,47.6,10
38021015,10:33:41:15,47.6,100
38021015,10:33:41:15,47.6,10
38021015,10:33:41:15,47.6,100
38021018,10:33:41:18,47.61,100
38021024,10:33:41:24,47.6,823
38021025,10:33:41:25,47.6,177
38021030,10:33:41:30,47.6,300
38021048,10:33:41:48,47.6,100
38021048,10:33:41:48,47.6,67
38021057,10:33:41:57,47.6,300
38021057,10:33:41:57,47.6,100
38021058,10:33:41:58,47.6,100
38021059,10:33:41:59,47.6,100
38021070,10:33:41:70,47.6,100
38021078,10:33:41:78,47.6,100
38021149,10:33:41:149,47.6,38
38021158,10:33:41:158,47.6,100
38021162,10:33:41:162,47.59,100
38021249,10:33:41:249,47.6,9
38026132,10:33:46:132,47.59,100
38026132,10:33:46:132,47.59,100
38026132,10:33:46:132,47.59,1
38026132,10:33:46:132,47.59,100
38026132,10:33:46:132,47.59,100
38026152,10:33:46:152,47.59,20
38045670,10:34:5:670,47.6,100
38045670,10:34:5:670,47.6,100
38045670,10:34:5:670,47.6,200
38045670,10:34:5:670,47.6,100
38045670,10:34:5:670,47.6,53
38045670,10:34:5:670,47.6,100
38045670,10:34:5:670,47.6,100
38045670,10:34:5:670,47.6,99
38045765,10:34:5:765,47.6,1
38045765,10:34:5:765,47.61,35
38045898,10:34:5:898,47.6,100
38045899,10:34:5:899,47.6,100
38045965,10:34:5:965,47.61,9
38046172,10:34:6:172,47.59,100
38046173,10:34:6:173,47.59,100
38046265,10:34:6:265,47.61,10
38052583,10:34:12:583,47.6,100
38052663,10:34:12:663,47.6,100
38052669,10:34:12:669,47.6,10
38060242,10:34:20:242,47.59,37
38060242,10:34:20:242,47.59,63
38060257,10:34:20:257,47.6,100
38060275,10:34:20:275,47.6,4
38087007,10:34:47:7,47.6,90
38087008,10:34:47:8,47.6,10
38087008,10:34:47:8,47.6,2
38110863,10:35:10:863,47.6,100
38110865,10:35:10:865,47.6,100
38110866,10:35:10:866,47.6,100
38110909,10:35:10:909,47.6,16
38111031,10:35:11:31,47.59,100
38111035,10:35:11:35,47.59,100
38111109,10:35:11:109,47.6,10
38112392,10:35:12:392,47.59,100
38112410,10:35:12:410,47.61,4
38114356,10:35:14:356,47.59,100
38114411,10:35:14:411,47.61,6
38114873,10:35:14:873,47.6,100
38114875,10:35:14:875,47.6,100
38114911,10:35:14:911,47.61,10
38118444,10:35:18:444,47.6,10
38155039,10:35:55:39,47.6,90
38155039,10:35:55:39,47.6,10
38165477,10:36:5:477,47.61,29
38165477,10:36:5:477,47.61,100
38165477,10:36:5:477,47.61,100
38165477,10:36:5:477,47.61,71
38165477,10:36:5:477,47.6,84
38165477,10:36:5:477,47.6,90
38165477,10:36:5:477,47.6,100
38165477,10:36:5:477,47.61,116
38165477,10:36:5:477,47.61,100
38165477,10:36:5:477,47.61,100
38165477,10:36:5:477,47.61,10
38165477,10:36:5:477,47.61,100
38165477,10:36:5:477,47.61,3
38165477,10:36:5:477,47.61,3
38165477,10:36:5:477,47.61,5
38165477,10:36:5:477,47.6,100
38165477,10:36:5:477,47.61,69
38165477,10:36:5:477,47.61,100
38165477,10:36:5:477,47.61,100
38165477,10:36:5:477,47.61,3
38165477,10:36:5:477,47.61,81
38165477,10:36:5:477,47.61,87
38165477,10:36:5:477,47.61,26
38165478,10:36:5:478,47.6,100
38165478,10:36:5:478,47.6,100
38165478,10:36:5:478,47.61,100
38165478,10:36:5:478,47.61,100
38165478,10:36:5:478,47.61,100
38165479,10:36:5:479,47.61,100
38165479,10:36:5:479,47.6,100
38165482,10:36:5:482,47.6,100
38165483,10:36:5:483,47.6,100
38165483,10:36:5:483,47.6,200
38165488,10:36:5:488,47.6,1100
38165488,10:36:5:488,47.6,100
38165488,10:36:5:488,47.6,2
38165488,10:36:5:488,47.6,80
38165488,10:36:5:488,47.6,100
38165488,10:36:5:488,47.6,100
38165488,10:36:5:488,47.6,80
38165488,10:36:5:488,47.6,40
38165488,10:36:5:488,47.6,20
38165488,10:36:5:488,47.6,20
38165492,10:36:5:492,47.6,1
38165493,10:36:5:493,47.6,99
38165493,10:36:5:493,47.6,100
38165493,10:36:5:493,47.6,100
38165493,10:36:5:493,47.6,100
38165493,10:36:5:493,47.6,1
38165493,10:36:5:493,47.6,100
38165493,10:36:5:493,47.6,100
38165493,10:36:5:493,47.6,100
38165493,10:36:5:493,47.6,99
38165493,10:36:5:493,47.6,100
38165494,10:36:5:494,47.6,100
38165494,10:36:5:494,47.6,100
38165500,10:36:5:500,47.6,100
38165502,10:36:5:502,47.6,100
38165502,10:36:5:502,47.6,10
38165502,10:36:5:502,47.6,100
38165502,10:36:5:502,47.6,100
38165503,10:36:5:503,47.6,100
38165503,10:36:5:503,47.6,100
38165544,10:36:5:544,47.6,100
38165546,10:36:5:546,47.6,100
38165546,10:36:5:546,47.6,100
38165546,10:36:5:546,47.6,1
38165546,10:36:5:546,47.6,100
38165548,10:36:5:548,47.6,100
38165549,10:36:5:549,47.6,100
38165556,10:36:5:556,47.6,100
38165557,10:36:5:557,47.6,100
38165586,10:36:5:586,47.6,100
38165646,10:36:5:646,47.6,99
38165650,10:36:5:650,47.6,100
38165954,10:36:5:954,47.59,100
38165955,10:36:5:955,47.59,200
38165990,10:36:5:990,47.59,100
38165990,10:36:5:990,47.59,173
38165990,10:36:5:990,47.59,100
38165990,10:36:5:990,47.59,100
38165990,10:36:5:990,47.59,100
38166047,10:36:6:47,47.6,45
38166047,10:36:6:47,47.59,1
38167115,10:36:7:115,47.6,100
38167147,10:36:7:147,47.6,3
38167266,10:36:7:266,47.6,100
38167347,10:36:7:347,47.6,5
38170132,10:36:10:132,47.6,100
38170133,10:36:10:133,47.6,100
38170133,10:36:10:133,47.6,23
38170149,10:36:10:149,47.6,10
38176073,10:36:16:73,47.59,100
38176153,10:36:16:153,47.6,5
38180850,10:36:20:850,47.595,150
38180857,10:36:20:857,47.6,8
38187079,10:36:27:79,47.6,14
38190899,10:36:30:899,47.595,503
38190942,10:36:30:942,47.59,100
38190943,10:36:30:943,47.59,100
38190944,10:36:30:944,47.595,1
38190944,10:36:30:944,47.59,99
38190964,10:36:30:964,47.595,36
38208505,10:36:48:505,47.5986,100
38225482,10:37:5:482,47.59,1
38225482,10:37:5:482,47.59,99
38226217,10:37:6:217,47.591,200
38226288,10:37:6:288,47.595,9
38283509,10:38:3:509,47.595,2
38291671,10:38:11:671,47.6,100
38291671,10:38:11:671,47.595,75
38291732,10:38:11:732,47.6,5
38301373,10:38:21:373,47.6,100
38301373,10:38:21:373,47.6,395
38301373,10:38:21:373,47.6,100
38301373,10:38:21:373,47.6,100
38301374,10:38:21:374,47.6,100
38301374,10:38:21:374,47.6,2
38301374,10:38:21:374,47.6,100
38301374,10:38:21:374,47.6,2
38301374,10:38:21:374,47.6,200
38301374,10:38:21:374,47.6,100
38301374,10:38:21:374,47.6,2
38301374,10:38:21:374,47.6,98
38301374,10:38:21:374,47.6,98
38301374,10:38:21:374,47.6,100
38301374,10:38:21:374,47.6,1
38301374,10:38:21:374,47.6,100
38301374,10:38:21:374,47.6,100
38301383,10:38:21:383,47.605,200
38301383,10:38:21:383,47.6,100
38301383,10:38:21:383,47.6,100
38301383,10:38:21:383,47.6,100
38301383,10:38:21:383,47.6,300
38301383,10:38:21:383,47.6,200
38301383,10:38:21:383,47.6,100
38301383,10:38:21:383,47.6,100
38301383,10:38:21:383,47.6,100
38301383,10:38:21:383,47.605,100
38301383,10:38:21:383,47.6,100
38301383,10:38:21:383,47.6,10
38301383,10:38:21:383,47.6,10
38301383,10:38:21:383,47.6,100
38301383,10:38:21:383,47.6,200
38301383,10:38:21:383,47.6,100
38301383,10:38:21:383,47.6,100
38301383,10:38:21:383,47.6,100
38301383,10:38:21:383,47.6,100
38301383,10:38:21:383,47.6,10
38301383,10:38:21:383,47.6,100
38301383,10:38:21:383,47.6,100
38301383,10:38:21:383,47.6,100
38301383,10:38:21:383,47.6,100
38301383,10:38:21:383,47.6,100
38301384,10:38:21:384,47.6,100
38301384,10:38:21:384,47.6,100
38301412,10:38:21:412,47.6,100
38301414,10:38:21:414,47.6,100
38301438,10:38:21:438,47.6,100
38301438,10:38:21:438,47.61,41
38301438,10:38:21:438,47.61,100
38301446,10:38:21:446,47.6,100
38301447,10:38:21:447,47.6,400
38301488,10:38:21:488,47.6,100
38301521,10:38:21:521,47.6,100
38301539,10:38:21:539,47.6,35
38301587,10:38:21:587,47.6,100
38301639,10:38:21:639,47.6,3
38301960,10:38:21:960,47.59,100
38301962,10:38:21:962,47.59,100
38301963,10:38:21:963,47.59,100
38301964,10:38:21:964,47.59,97
38301964,10:38:21:964,47.59,1
38301964,10:38:21:964,47.59,100
38301964,10:38:21:964,47.59,100
38301964,10:38:21:964,47.59,100
38301964,10:38:21:964,47.59,500
38301964,10:38:21:964,47.59,100
38301964,10:38:21:964,47.59,3
38301964,10:38:21:964,47.59,100
38301964,10:38:21:964,47.59,100
38301964,10:38:21:964,47.59,100
38301964,10:38:21:964,47.59,2
38301964,10:38:21:964,47.59,100
38301964,10:38:21:964,47.59,200
38301964,10:38:21:964,47.59,200
38301964,10:38:21:964,47.59,100
38301964,10:38:21:964,47.59,10
38301964,10:38:21:964,47.59,1
38302039,10:38:22:39,47.6,49
38302039,10:38:22:39,47.59,62
38302804,10:38:22:804,47.58,200
38302806,10:38:22:806,47.58,200
38302840,10:38:22:840,47.59,15
38307117,10:38:27:117,47.58,200
38307117,10:38:27:117,47.58,100
38307117,10:38:27:117,47.58,200
38307117,10:38:27:117,47.58,50
38307117,10:38:27:117,47.58,1
38307117,10:38:27:117,47.58,201
38307117,10:38:27:117,47.58,200
38307117,10:38:27:117,47.58,100
38307117,10:38:27:117,47.58,200
38307117,10:38:27:117,47.58,1
38307142,10:38:27:142,47.58,62
38309432,10:38:29:432,47.57,100
38309433,10:38:29:433,47.57,100
38309444,10:38:29:444,47.58,8
38310044,10:38:30:44,47.575,100
38310144,10:38:30:144,47.58,4
38320843,10:38:40:843,47.58,100
38320843,10:38:40:843,47.58,100
38320843,10:38:40:843,47.58,100
38320844,10:38:40:844,47.58,200
38320844,10:38:40:844,47.58,88
38320844,10:38:40:844,47.58,36
38320844,10:38:40:844,47.58,402
38320844,10:38:40:844,47.58,100
38320844,10:38:40:844,47.58,100
38320851,10:38:40:851,47.59,58
38339004,10:38:59:4,47.58,100
38339063,10:38:59:63,47.58,2
38350150,10:39:10:150,47.575,100
38350170,10:39:10:170,47.575,6
38350175,10:39:10:175,47.58,100
38350175,10:39:10:175,47.58,100
38350270,10:39:10:270,47.58,10
38381183,10:39:41:183,47.58,100
38381183,10:39:41:183,47.58,100
38381183,10:39:41:183,47.58,102
38381183,10:39:41:183,47.58,100
38381183,10:39:41:183,47.58,100
38381183,10:39:41:183,47.58,100
38381183,10:39:41:183,47.58,100
38381183,10:39:41:183,47.58,100
38381185,10:39:41:185,47.58,100
38381191,10:39:41:191,47.59,47
38398117,10:39:58:117,47.595,100
38398122,10:39:58:122,47.6,100
38398203,10:39:58:203,47.6,8
38398203,10:39:58:203,47.6,100
38398203,10:39:58:203,47.6,92
38398203,10:39:58:203,47.6,8
38398204,10:39:58:204,47.6,100
38398212,10:39:58:212,47.6,100
38398237,10:39:58:237,47.6,100
38398289,10:39:58:289,47.6,25000
38398303,10:39:58:303,47.6,100
38398303,10:39:58:303,47.61,200
38398303,10:39:58:303,47.6,100
38398303,10:39:58:303,47.6,100
38398303,10:39:58:303,47.61,1
38398303,10:39:58:303,47.6,100
38398303,10:39:58:303,47.6,77
38398303,10:39:58:303,47.61,100
38398303,10:39:58:303,47.6,100
38398303,10:39:58:303,47.61,10
38398305,10:39:58:305,47.6,100
38398306,10:39:58:306,47.6,100
38398312,10:39:58:312,47.6,100
38398313,10:39:58:313,47.6,100
38398403,10:39:58:403,47.6,100
38398403,10:39:58:403,47.6,100
38398403,10:39:58:403,47.6,100
38398412,10:39:58:412,47.6,100
38398503,10:39:58:503,47.61,70
38398503,10:39:58:503,47.6,100
38398534,10:39:58:534,47.59,100
38398535,10:39:58:535,47.59,127
38398603,10:39:58:603,47.61,8
38406029,10:40:6:29,47.595,100
38406108,10:40:6:108,47.6,5
38406155,10:40:6:155,47.595,100
38406183,10:40:6:183,47.6,200
38406183,10:40:6:183,47.6,5
38406183,10:40:6:183,47.6,195
38406183,10:40:6:183,47.6,99
38406184,10:40:6:184,47.6,1
38406194,10:40:6:194,47.6,10
38406208,10:40:6:208,47.61,26
38411447,10:40:11:447,47.6,490
38411447,10:40:11:447,47.6,100
38411451,10:40:11:451,47.6,100
38411512,10:40:11:512,47.62,35
38411512,10:40:11:512,47.62,100
38411512,10:40:11:512,47.62,100
38411512,10:40:11:512,47.62,100
38411512,10:40:11:512,47.62,100
38411512,10:40:11:512,47.62,100
38411512,10:40:11:512,47.62,100
38411512,10:40:11:512,47.63,100
38411512,10:40:11:512,47.63,100
38411512,10:40:11:512,47.63,100
38411512,10:40:11:512,47.63,100
38411512,10:40:11:512,47.63,100
38411513,10:40:11:513,47.63,200
38411513,10:40:11:513,47.63,100
38411612,10:40:11:612,47.64,71
38411612,10:40:11:612,47.64,2
38411612,10:40:11:612,47.64,198
38411612,10:40:11:612,47.64,100
38411613,10:40:11:613,47.64,100
38411613,10:40:11:613,47.64,100
38411613,10:40:11:613,47.64,100
38411613,10:40:11:613,47.64,100
38411712,10:40:11:712,47.63,34
38411712,10:40:11:712,47.63,43
38412256,10:40:12:256,47.63,23
38412274,10:40:12:274,47.63,1182
38412307,10:40:12:307,47.63,100
38412312,10:40:12:312,47.64,65
38414171,10:40:14:171,47.64,100
38414213,10:40:14:213,47.64,2
38414823,10:40:14:823,47.65,100
38414824,10:40:14:824,47.65,100
38414914,10:40:14:914,47.66,10
38420435,10:40:20:435,47.64,100
38420435,10:40:20:435,47.64,100
38420464,10:40:20:464,47.64,100
38420464,10:40:20:464,47.64,100
38420464,10:40:20:464,47.64,100
38420464,10:40:20:464,47.64,10
38420518,10:40:20:518,47.64,26
38421499,10:40:21:499,47.64,100
38421499,10:40:21:499,47.64,100
38421499,10:40:21:499,47.64,100
38421500,10:40:21:500,47.64,100
38421504,10:40:21:504,47.64,100
38421504,10:40:21:504,47.64,100
38421504,10:40:21:504,47.64,100
38421504,10:40:21:504,47.64,100
38421505,10:40:21:505,47.64,100
38421519,10:40:21:519,47.64,46
38424379,10:40:24:379,47.64,100
38424421,10:40:24:421,47.64,3
38427453,10:40:27:453,47.639,100
38427523,10:40:27:523,47.64,5
38429384,10:40:29:384,47.64,100
38429424,10:40:29:424,47.64,5
38432384,10:40:32:384,47.64,100
38432384,10:40:32:384,47.64,100
38432426,10:40:32:426,47.64,10
38433049,10:40:33:49,47.6302,200
38433126,10:40:33:126,47.64,10
38448397,10:40:48:397,47.64,40
38448406,10:40:48:406,47.64,200
38448414,10:40:48:414,47.6019,200
38448415,10:40:48:415,47.6019,200
38448437,10:40:48:437,47.64,10
38455220,10:40:55:220,47.64,100
38455220,10:40:55:220,47.64,100
38455222,10:40:55:222,47.64,90
38455225,10:40:55:225,47.64,100
38455225,10:40:55:225,47.64,100
38455225,10:40:55:225,47.64,100
38455241,10:40:55:241,47.64,26
38455285,10:40:55:285,47.64,100
38455341,10:40:55:341,47.64,4
38465544,10:41:5:544,47.64,100
38465544,10:41:5:544,47.64,100
38465544,10:41:5:544,47.64,100
38465545,10:41:5:545,47.64,4
38465545,10:41:5:545,47.64,100
38465552,10:41:5:552,47.64,100
38465554,10:41:5:554,47.64,26
38471044,10:41:11:44,47.64,100
38471057,10:41:11:57,47.64,4
38472594,10:41:12:594,47.64,100
38472594,10:41:12:594,47.64,100
38472594,10:41:12:594,47.64,56
38472594,10:41:12:594,47.64,174
38472594,10:41:12:594,47.64,100
38472633,10:41:12:633,47.64,100
38472633,10:41:12:633,47.64,100
38472634,10:41:12:634,47.64,100
38472634,10:41:12:634,47.64,100
38472635,10:41:12:635,47.64,400
38472641,10:41:12:641,47.645,100
38472641,10:41:12:641,47.64,100
38472642,10:41:12:642,47.64,5
38472645,10:41:12:645,47.64,95
38472651,10:41:12:651,47.64,100
38472659,10:41:12:659,47.64,83
38472667,10:41:12:667,47.64,100
38472724,10:41:12:724,47.64,100
38472759,10:41:12:759,47.64,6
38475766,10:41:15:766,47.64,100
38475772,10:41:15:772,47.64,100
38475772,10:41:15:772,47.64,100
38475772,10:41:15:772,47.64,100
38475772,10:41:15:772,47.64,100
38475772,10:41:15:772,47.64,10
38475772,10:41:15:772,47.64,100
38475861,10:41:15:861,47.64,31
38477718,10:41:17:718,47.64,100
38477762,10:41:17:762,47.64,4
38487620,10:41:27:620,47.64,100
38487620,10:41:27:620,47.64,100
38487620,10:41:27:620,47.64,100
38487622,10:41:27:622,47.65,200
38487623,10:41:27:623,47.65,100
38487623,10:41:27:623,47.65,100
38487623,10:41:27:623,47.65,100
38487625,10:41:27:625,47.65,100
38487625,10:41:27:625,47.65,100
38487625,10:41:27:625,47.66,90
38487629,10:41:27:629,47.65,100
38487629,10:41:27:629,47.65,100
38487629,10:41:27:629,47.65,100
38487629,10:41:27:629,47.65,200
38487629,10:41:27:629,47.65,100
38487630,10:41:27:630,47.65,100
38487634,10:41:27:634,47.64,200
38487635,10:41:27:635,47.66,100
38487637,10:41:27:637,47.64,100
38487638,10:41:27:638,47.645,100
38487638,10:41:27:638,47.64,100
38487638,10:41:27:638,47.645,100
38487638,10:41:27:638,47.64,100
38487638,10:41:27:638,47.64,200
38487679,10:41:27:679,47.64,142
38487679,10:41:27:679,47.64,78
38487684,10:41:27:684,47.64,100
38487684,10:41:27:684,47.64,100
38487684,10:41:27:684,47.64,100
38487684,10:41:27:684,47.64,100
38487684,10:41:27:684,47.64,10
38487684,10:41:27:684,47.64,200
38487684,10:41:27:684,47.64,100
38487684,10:41:27:684,47.64,100
38487684,10:41:27:684,47.64,100
38487741,10:41:27:741,47.64,100
38487769,10:41:27:769,47.64,52
38487787,10:41:27:787,47.64,100
38487869,10:41:27:869,47.64,3
38493890,10:41:33:890,47.65,100
38493890,10:41:33:890,47.65,200
38493891,10:41:33:891,47.65,100
38493892,10:41:33:892,47.65,100
38493892,10:41:33:892,47.65,100
38493892,10:41:33:892,47.65,100
38493895,10:41:33:895,47.65,200
38493973,10:41:33:973,47.65,47
38493998,10:41:33:998,47.65,100
38493998,10:41:33:998,47.65,100
38493999,10:41:33:999,47.65,100
38494001,10:41:34:1,47.65,100
38494001,10:41:34:1,47.65,100
38494005,10:41:34:5,47.65,100
38494073,10:41:34:73,47.65,29
38504489,10:41:44:489,47.65,300
38504580,10:41:44:580,47.65,14
38509974,10:41:49:974,47.65,100
38509980,10:41:49:980,47.65,100
38509984,10:41:49:984,47.65,5
38510084,10:41:50:84,47.65,5
38510084,10:41:50:84,47.65,76
38510084,10:41:50:84,47.65,100
38510084,10:41:50:84,47.65,100
38510084,10:41:50:84,47.65,100
38510085,10:41:50:85,47.65,100
38510085,10:41:50:85,47.65,100
38510085,10:41:50:85,47.66,100
38510085,10:41:50:85,47.65,100
38510184,10:41:50:184,47.66,37
38510184,10:41:50:184,47.66,1
38511687,10:41:51:687,47.66,1
38512098,10:41:52:98,47.66,62
38512098,10:41:52:98,47.67,200
38512100,10:41:52:100,47.67,100
